2098 3432
484 307 566 347 202

484 416 539 450 hic
563 418 655 458 erat,
692 418 733 450 ut
761 416 922 450 videlicet
952 417 1136 451 decedente
1159 418 1320 452 Paschali
1344 419 1476 452 nullum
1500 418 1536 452 in
1560 430 1683 464 papam
1707 419 1914 464 reciperent,
1946 421 2014 456 nisi

484 473 587 496 unum
613 462 654 495 de
678 461 787 506 ipsius
811 462 1020 505 fautoribus,
1054 465 1090 497 et
1123 465 1162 497 ut
1193 465 1337 498 obeunte
1369 464 1571 509 imperatore
1603 466 1718 499 nullus
1748 465 1784 499 in
1814 477 1928 510 regem
1953 468 2015 501 aut

484 508 722 553 imperatorem
746 508 926 551 levaretur,
951 509 1018 543 nisi
1043 509 1102 554 qui
1124 509 1219 543 illam
1237 512 1369 554 partem
1386 510 1580 545 defenderet
1595 513 1630 545 et
1645 513 1881 546 manuteneret
1895 514 2014 547 contra

482 554 669 588 Romanam
695 554 882 597 ecclesiam,
907 556 943 589 et
966 557 1007 588 ut
1030 555 1188 600 episcopi,
1215 555 1273 600 qui
1289 556 1453 598 iurarent,
1477 556 1567 590 idem
1592 557 1819 591 iuramentum
1844 558 1887 592 ab
1908 558 2014 593 omni-

482 601 544 634 bus
570 600 640 634 suis
665 599 815 633 subditis
839 602 875 634 et
898 601 1040 645 prelatis
1065 601 1248 644 exigerent,
1273 603 1310 636 et
1333 602 1524 647 quicunque
1547 614 1613 637 non
1638 602 1777 646 iuraret,
1802 604 1894 638 omni
1910 604 2014 639 eecle-

482 646 621 680 siastico
645 646 770 680 honore
795 648 831 680 et
854 647 1016 681 beneficio
1041 649 1077 680 et
1100 649 1282 692 potestate,
1317 650 1486 692 postremo
1511 649 1615 682 etiam
1639 649 1796 683 omnibus
1818 649 1917 684 bonis
1941 651 2013 685 suis

482 692 684 735 privaretur.
734 691 788 726 Ibi
824 692 928 727 etiam
965 693 1105 737 quidam
1140 693 1240 727 electi
1276 694 1464 728 consecrati
1501 697 1583 728 sunt
1616 695 1652 728 in
1686 695 1858 740 episcopos
1891 706 1911 730 a
1941 696 2013 730 suis

480 738 753 772 coniuratoribus
785 738 962 783 episcopis,
996 741 1032 772 et
1064 739 1123 772 alii
1147 739 1182 773 in
1208 740 1414 784 presbiteros
1445 742 1481 774 et
1505 740 1549 774 ad
1574 741 1658 775 alios
1683 741 1818 775 ordines
1851 741 2012 777 ordinati.

480 784 618 818 Electus
642 784 889 827 Mogontiensis
924 785 1067 819 domnus
1100 784 1342 828 Chuonradus,
1379 786 1485 820 frater
1518 785 1656 821 Ottonis
1688 786 1834 832 palatini
1867 787 2012 831 comitis,

480 830 537 874 qui
572 832 651 864 ante
684 829 914 864 obedientiam
947 831 1075 865 fecerat
1107 842 1168 875 per
1200 842 1236 866 se
1258 831 1452 866 Alexandro
1486 843 1594 877 papae
1624 833 1704 867 dum
1735 833 1803 867 iret
1826 833 1871 867 ad
1892 833 2014 868 limina

479 876 597 910 Sancti
619 876 642 910 J
645 876 752 919 acobi,
778 877 870 911 solus
894 879 992 911 nocte
1018 877 1060 911 de
1084 877 1179 911 curia
1201 877 1335 921 fugiens
1359 878 1453 912 venit
1474 878 1510 912 in
1526 878 1705 913 Franciam
1722 879 1766 913 ad
1781 878 2012 914 Alexandrum

478 924 514 956 ct
537 922 585 956 ibi
610 923 781 957 exulabat.

593 968 774 1013 Appendix
798 969 842 1002 ad
865 969 1108 1013 Ragewinum:
1145 969 1247 1003 Anno
1281 970 1324 1004 ab
1357 970 1591 1005 incarnatione
1622 970 1762 1005 Domini
1789 974 1876 1006 1166
1907 972 2012 1016 (sicl)

478 1014 569 1059 apud
593 1014 815 1049 Wirzeburch
849 1015 885 1049 in
918 1017 1137 1060 pentecosten
1169 1015 1264 1049 curia
1287 1016 1489 1059 celebratur,
1523 1017 1582 1050 ubi
1607 1016 1795 1052 coniuratio
1818 1017 1860 1052 fit
1883 1019 1926 1052 ab
1950 1018 2011 1053 im-

479 1062 637 1105 peratore
661 1062 697 1095 et
720 1061 932 1106 principibus
957 1061 1015 1106 qui
1041 1062 1186 1095 aderant
1209 1064 1282 1096 tam
1307 1062 1469 1096 secularis
1494 1074 1595 1107 quam
1613 1063 1855 1098 aecclesiastici
1871 1064 2012 1108 ordinis,

479 1106 570 1151 quod
586 1107 763 1141 Paschalis
790 1119 921 1152 semper
944 1119 1034 1153 papa
1056 1108 1235 1150 habeatur,
1261 1110 1297 1142 et
1320 1119 1358 1142 eo
1382 1110 1516 1142 mortuo
1540 1109 1655 1143 nullus
1678 1109 1745 1143 nisi
1770 1109 1812 1144 de
1836 1121 1899 1144 sua
1914 1113 2012 1156 parte

477 1153 644 1196 eligatur;
670 1153 830 1188 similiter
854 1155 933 1198 post
955 1156 1098 1188 mortem
1121 1154 1337 1199 imperatoris
1360 1165 1458 1189 nemo
1483 1155 1549 1189 sibi
1573 1154 1816 1199 substituatur,
1839 1156 1908 1191 nisi
1922 1156 2012 1191 iura-

477 1199 564 1233 verit
587 1210 623 1233 se
647 1199 790 1234 eandem
814 1202 946 1244 partem
972 1200 1199 1235 defensurum.
1246 1200 1344 1234 Solus
1360 1200 1524 1235 Albertus
1540 1201 1770 1245 Frisingensis
1793 1203 1877 1237 tunc
1898 1202 2012 1238 iurare

478 1245 597 1280 noluit.
635 1245 725 1280 Nam
743 1245 919 1280 Conradus
935 1246 1156 1290 Mogontinus
1179 1246 1249 1280 iam
1274 1248 1314 1280 ut
1336 1246 1447 1281 hostis
1472 1247 1706 1292 preiudicatus
1721 1247 1844 1283 fuerat.
1883 1248 2011 1284 Eodem

477 1302 565 1325 anno
589 1291 752 1326 Albertus
777 1292 1028 1336 Frisingensis,
1067 1292 1126 1326 diu
1158 1293 1328 1334 renitens,
1366 1295 1503 1327 coactus
1535 1293 1662 1328 iuravit
1693 1293 1829 1329 obedire
1851 1294 2012 1330 Paschali

477 1348 537 1382 pro
561 1338 779 1381 conscientia,
811 1338 975 1383 quamdiu
1008 1339 1187 1383 imperium
1219 1341 1352 1383 partem
1385 1339 1457 1374 eius
1482 1340 1610 1374 foveret
1633 1341 1670 1374 et
1693 1340 1856 1385 quamdiu
1879 1341 2011 1385 regalia

475 1384 741 1464 habel-{Arxiffllfflgs
775 1430 844 1465 Col.
878 1441 966 1465 max.
1002 1430 1064 1473 (M.
1091 1429 1133 1465 G.
1164 1429 1222 1464 SS.
1256 1431 1368 1474 XVII,
1398 1433 1499 1475 779):
1536 1431 1727 1477 Imperator
1759 1432 2011 1468 celeberrimam

475 1476 604 1511 curiam
620 1476 817 1520 Wirzibnrg
840 1477 877 1510 in
901 1478 1119 1521 pentecosten
1143 1476 1276 1520 habuit,
1302 1478 1361 1511 ubi
1385 1479 1458 1512 tam
1482 1478 1555 1523 ipse
1575 1478 1760 1523 imperator
1777 1490 1879 1524 quam
1895 1490 2010 1515 omnes

477 1523 646 1568 principes
680 1523 888 1565 iuraverunt,
921 1523 1011 1567 quod
1043 1523 1203 1556 domnum
1227 1524 1451 1568 apostolicum
1474 1524 1676 1559 Paschalem
1708 1536 1882 1570 nunquam
1918 1526 2011 1562 dese-

475 1570 589 1604 rerent
613 1580 675 1604 nec
699 1569 743 1603 ad
767 1571 900 1614 partem
924 1569 1095 1603 Ruolandi
1121 1569 1305 1614 aliquando
1330 1570 1542 1615 transirent]

792 1684 837 1733 a)
869 1684 1148 1729 Kaiserliches
1179 1684 1385 1739 manifest,
1416 1686 1458 1729 2.
1487 1685 1573 1730 luni
1604 1683 1698 1732 1165.

910 1757 1015 1802 (Mon.
1042 1756 1155 1792 Germ.
1180 1758 1269 1802 legg.
1294 1758 1341 1801 Η,
1370 1760 1573 1799 137-138.)

584 1844 810 1886 Fridericus
859 1844 935 1885 Dei
990 1844 1122 1896 gratia
1168 1845 1445 1886 Romanorum
1492 1845 1711 1899 imperator
1759 1846 1800 1886 et
1848 1857 2008 1900 semper

472 1903 689 1953 augustus,
730 1901 1056 1955 archiepiscopis,
1096 1901 1311 1954 episcopis,
1350 1901 1581 1951 abbatibus,
1621 1901 1792 1951 clericis,
1827 1901 2007 1952 ducibus,

471 1956 781 2006 marchionibus,
811 1957 1025 1998 comitibus
1047 1958 1087 1997 et
1107 1957 1293 1998 omnibus
1313 1957 1498 1999 fidelibus
1519 1958 1616 2007 suis,
1637 1958 1812 1999 salutem
1833 1959 1873 1999 et
1888 1970 2007 2000 omne

472 2014 635 2056 bonum.
685 2013 852 2055 Cunctis
872 2014 1017 2055 notum
1038 2014 1100 2054 est
1118 2013 1289 2067 populis,
1319 2014 1492 2066 qualiter
1512 2015 1649 2055 exorta
1669 2013 1874 2066 quondam
1897 2015 2008 2062 ,inter

471 2069 660 2110 ecclesiae
689 2069 898 2111 Romanae
932 2070 1155 2111 cardinales
1191 2069 1240 2111 de
1280 2070 1546 2123 apostolicatu
1586 2069 1784 2111 discordia
1819 2070 1863 2111 in
1890 2083 2006 2123 reges

471 2138 517 2166 ac
536 2138 662 2178 regna
690 2126 847 2179 impetu
875 2125 1065 2180 pestifero
1095 2127 1157 2166 est
1187 2126 1344 2167 diffusa.
1392 2126 1470 2167 Pro
1501 2138 1582 2179 qua
1612 2126 1663 2167 ad
1692 2126 1866 2180 optabile
1894 2127 2006 2180 pacis

470 2183 621 2223 bonum
655 2182 879 2223 revocanda
916 2184 1088 2235 quantos
1125 2184 1218 2235 post
1254 2183 1395 2224 beatae
1432 2182 1649 2224 memoriae
1677 2194 1804 2236 papae
1833 2182 2006 2224 Victoris

470 2238 704 2279 electionem
735 2251 781 2279 ac
809 2238 1154 2280 confirmationem
1183 2239 1421 2280 catholicam
1449 2239 1615 2292 Papiae,
1644 2238 1824 2288 Laudare,
1854 2239 2006 2281 Medio-

469 2294 567 2344 lani,
605 2294 765 2336 Laonae
804 2296 927 2347 atque
956 2294 998 2334 in
1027 2294 1194 2335 diversis
1223 2294 1380 2348 imperii
1409 2295 1556 2336 finibus
1593 2295 1636 2335 in
1675 2307 1838 2348 corpore
1865 2297 2004 2337 nostro

468 2351 624 2392 labores
644 2353 729 2391 tam
749 2363 822 2392 nos
853 2363 976 2403 quam
995 2350 1123 2392 incliti
1138 2351 1336 2404 principes
1363 2351 1492 2392 nostri
1512 2351 1809 2405 pertulerimus,
1831 2353 2004 2404 quantas

468 2419 605 2448 rerum
647 2407 780 2460 copias
820 2407 903 2448 zelo
941 2407 1119 2447 iustitiae
1157 2407 1492 2460 impenderimus,
1535 2408 1578 2448 in
1617 2407 1806 2448 extremis
1843 2420 2003 2460 quoque

468 2463 608 2504 mundi
628 2463 812 2516 partibus
831 2463 914 2504 iam
943 2463 1127 2504 auditum
1155 2476 1235 2504 non
1265 2463 1508 2505 dubitamus.
1557 2463 1742 2516 Denique
1771 2463 2003 2506 beatissimo

468 2531 573 2573 papa
601 2519 762 2560 Victore
803 2519 854 2560 ad
882 2519 1059 2572 paradisi
1089 2519 1236 2572 gaudia
1276 2521 1483 2573 assumpto
1533 2522 1573 2561 et
1601 2519 1644 2560 in
1673 2519 1759 2561 eius
1788 2519 1924 2561 locum
1953 2520 2003 2561 ab

469 2575 665 2629 episcopis
702 2588 748 2617 ac
777 2575 1046 2616 cardinalibus
1077 2576 1207 2616 almae
1238 2575 1343 2617 sedis
1374 2576 1615 2629 apostolicae
1645 2575 1805 2617 domino
1834 2575 2002 2626 Pascah,

467 2632 550 2673 viro
595 2631 945 2681 christianissimo,
988 2632 1030 2672 in
1067 2632 1297 2685 praesentia
1333 2632 1610 2686 episcoporum
1648 2633 1689 2673 et
1724 2631 2002 2684 religiosorum

467 2688 769 2741 Longobardiae
800 2701 846 2729 ac
874 2688 1055 2737 Tusciae,
1084 2687 1253 2729 illustris
1284 2701 1444 2741 quoque
1474 2688 1666 2742 praefecti
1707 2687 1818 2729 urbis
1847 2688 2002 2730 Romae

469 2757 515 2786 ac
552 2745 778 2786 multorum
820 2744 1016 2785 nobilium
1045 2744 1320 2785 Romanorum
1367 2745 1563 2786 catholice
1579 2743 1825 2795 substituto,
1866 2745 2001 2798 ipsum

468 2801 591 2850 etiam
612 2800 821 2842 dominum
840 2800 1052 2842 Pascalem
1085 2813 1133 2842 ex
1154 2800 1342 2842 ecclesiae
1364 2813 1410 2842 ac
1429 2801 1657 2854 principum
1675 2799 1835 2854 imperii
1852 2800 2000 2842 iudicio

467 2858 588 2910 atque
627 2857 791 2898 consilio
835 2856 879 2898 in
926 2869 1075 2910 papam
1104 2858 1146 2898 et
1173 2858 1332 2910 patrem
1361 2857 1606 2899 catholicum
1635 2857 1910 2911 sollempniter
1937 2869 2000 2898 re-
