<?xml version="1.0" encoding="UTF-8"?>
<!DOCTYPE html PUBLIC "-//W3C//DTD XHTML 1.0 Transitional//EN"
    "http://www.w3.org/TR/xhtml1/DTD/xhtml1-transitional.dtd">
<html xmlns="http://www.w3.org/1999/xhtml" xml:lang="en" lang="en">
 <head>
  <title>
</title>
<meta http-equiv="Content-Type" content="text/html;charset=utf-8" />
  <meta name='ocr-system' content='tesseract 3.04.00' />
  <meta name='ocr-capabilities' content='ocr_page ocr_carea ocr_par ocr_line ocrx_word'/>
</head>
<body>
  <div class='ocr_page' id='page_1' title='image "./monumentagermani04doebuoft_0242.png"; bbox 0 0 2098 3432; ppageno 0'>
   <div class='ocr_carea' id='block_1_1' title="bbox 468 358 551 398">
    <p class='ocr_par' dir='ltr' id='par_1_1' title="bbox 468 358 551 398">
     <span class='ocr_line' id='line_1_1' title="bbox 468 358 551 398; baseline 0 -1"><span class='ocrx_word' id='word_1_1' title='bbox 468 358 551 398; x_wconf 83' lang='lat'>228</span> 
     </span>
    </p>
   </div>
   <div class='ocr_carea' id='block_1_2' title="bbox 464 468 2003 801">
    <p class='ocr_par' dir='ltr' id='par_1_2' title="bbox 464 468 2003 801">
     <span class='ocr_line' id='line_1_2' title="bbox 467 468 2003 524; baseline 0.003 -16"><span class='ocrx_word' id='word_1_2' title='bbox 467 469 520 508; x_wconf 84' lang='lat' dir='ltr'>Et</span> <span class='ocrx_word' id='word_1_3' title='bbox 549 470 595 508; x_wconf 89' lang='lat' dir='ltr'>ut</span> <span class='ocrx_word' id='word_1_4' title='bbox 638 468 758 508; x_wconf 88' lang='lat' dir='ltr'>liceat</span> <span class='ocrx_word' id='word_1_5' title='bbox 795 468 1048 518; x_wconf 88' lang='lat' dir='ltr'>civitatibus,</span> <span class='ocrx_word' id='word_1_6' title='bbox 1092 468 1243 509; x_wconf 86' lang='lat' dir='ltr'>domini</span> <span class='ocrx_word' id='word_1_7' title='bbox 1281 469 1532 522; x_wconf 88' lang='lat' dir='ltr'>imperatoris</span> <span class='ocrx_word' id='word_1_8' title='bbox 1570 471 1790 524; x_wconf 87' lang='lat' dir='ltr'>permissu,</span> <span class='ocrx_word' id='word_1_9' title='bbox 1835 472 1876 512; x_wconf 91' lang='lat' dir='ltr'>et</span> <span class='ocrx_word' id='word_1_10' title='bbox 1914 471 2003 513; x_wconf 83' lang='lat' dir='ltr'>aliis</span> 
     </span>
     <span class='ocr_line' id='line_1_3' title="bbox 467 524 2003 577; baseline 0.003 -13"><span class='ocrx_word' id='word_1_11' title='bbox 467 524 684 565; x_wconf 67' lang='lat' dir='ltr'>omnibusa)</span> <span class='ocrx_word' id='word_1_12' title='bbox 695 524 910 573; x_wconf 88' lang='lat' dir='ltr'>societatis,</span> <span class='ocrx_word' id='word_1_13' title='bbox 931 524 1116 565; x_wconf 90' lang='lat' dir='ltr'>eamdem</span> <span class='ocrx_word' id='word_1_14' title='bbox 1132 525 1366 566; x_wconf 89' lang='lat' dir='ltr'>societatem</span> <span class='ocrx_word' id='word_1_15' title='bbox 1383 526 1541 567; x_wconf 88' lang='lat' dir='ltr'>firmam</span> <span class='ocrx_word' id='word_1_16' title='bbox 1557 528 1694 568; x_wconf 88' lang='lat' dir='ltr'>tenere</span> <span class='ocrx_word' id='word_1_17' title='bbox 1711 529 1751 568; x_wconf 92' lang='lat' dir='ltr'>et</span> <span class='ocrx_word' id='word_1_18' title='bbox 1764 528 2003 577; x_wconf 86' lang='lat' dir='ltr'>iuramenta,</span> 
     </span>
     <span class='ocr_line' id='line_1_4' title="bbox 467 580 2002 636; baseline 0.003 -17"><span class='ocrx_word' id='word_1_19' title='bbox 467 592 746 632; x_wconf 87' lang='lat' dir='ltr'>quaecumque</span> <span class='ocrx_word' id='word_1_20' title='bbox 776 580 998 630; x_wconf 85' lang='lat' dir='ltr'>voluerint,</span> <span class='ocrx_word' id='word_1_21' title='bbox 1043 581 1148 621; x_wconf 86' lang='lat' dir='ltr'>inter</span> <span class='ocrx_word' id='word_1_22' title='bbox 1179 593 1221 621; x_wconf 93' lang='lat' dir='ltr'>se</span> <span class='ocrx_word' id='word_1_23' title='bbox 1251 581 1381 622; x_wconf 89' lang='lat' dir='ltr'>facere</span> <span class='ocrx_word' id='word_1_24' title='bbox 1412 583 1452 622; x_wconf 92' lang='lat' dir='ltr'>et</span> <span class='ocrx_word' id='word_1_25' title='bbox 1480 595 1672 624; x_wconf 86' lang='lat' dir='ltr'>renovare</span> <span class='ocrx_word' id='word_1_26' title='bbox 1703 587 1743 623; x_wconf 90' lang='lat' dir='ltr'>et</span> <span class='ocrx_word' id='word_1_27' title='bbox 1773 596 1931 636; x_wconf 85' lang='lat' dir='ltr'>semper</span> <span class='ocrx_word' id='word_1_28' title='bbox 1959 585 2002 624; x_wconf 88' lang='lat' dir='ltr'>in</span> 
     </span>
     <span class='ocr_line' id='line_1_5' title="bbox 466 636 2002 692; baseline 0.003 -16"><span class='ocrx_word' id='word_1_29' title='bbox 466 637 621 676; x_wconf 88' lang='lat' dir='ltr'>unitate</span> <span class='ocrx_word' id='word_1_30' title='bbox 669 636 858 676; x_wconf 87' lang='lat' dir='ltr'>ecclesiae</span> <span class='ocrx_word' id='word_1_31' title='bbox 904 648 1160 689; x_wconf 87' lang='lat' dir='ltr'>permanere,</span> <span class='ocrx_word' id='word_1_32' title='bbox 1205 638 1271 686; x_wconf 90' lang='lat' dir='ltr'>ut,</span> <span class='ocrx_word' id='word_1_33' title='bbox 1316 637 1349 678; x_wconf 91' lang='lat' dir='ltr'>si</span> <span class='ocrx_word' id='word_1_34' title='bbox 1380 638 1540 690; x_wconf 91' lang='lat' dir='ltr'>quando</span> <span class='ocrx_word' id='word_1_35' title='bbox 1570 640 1788 692; x_wconf 90' lang='lat' dir='ltr'>imperator</span> <span class='ocrx_word' id='word_1_36' title='bbox 1823 640 1886 680; x_wconf 90' lang='lat' dir='ltr'>vel</span> <span class='ocrx_word' id='word_1_37' title='bbox 1916 639 2002 680; x_wconf 87' lang='lat' dir='ltr'>eius</span> 
     </span>
     <span class='ocr_line' id='line_1_6' title="bbox 465 692 2002 744; baseline 0.003 -12"><span class='ocrx_word' id='word_1_38' title='bbox 465 704 671 733; x_wconf 77' lang='lat' dir='ltr'><strong>successor</strong></span> <span class='ocrx_word' id='word_1_39' title='bbox 717 700 789 732; x_wconf 81' lang='lat' dir='ltr'>aut</span> <span class='ocrx_word' id='word_1_40' title='bbox 830 692 933 733; x_wconf 87' lang='lat' dir='ltr'>alius</span> <span class='ocrx_word' id='word_1_41' title='bbox 978 694 1117 733; x_wconf 87' lang='lat' dir='ltr'>contra</span> <span class='ocrx_word' id='word_1_42' title='bbox 1158 693 1264 733; x_wconf 90' lang='lat' dir='ltr'>hanc</span> <span class='ocrx_word' id='word_1_43' title='bbox 1309 694 1561 735; x_wconf 79' lang='lat' dir='ltr'>concordiam</span> <span class='ocrx_word' id='word_1_44' title='bbox 1602 695 1736 736; x_wconf 77' lang='lat' dir='ltr'>venire</span> <span class='ocrx_word' id='word_1_45' title='bbox 1775 695 2002 744; x_wconf 89' lang='lat' dir='ltr'>tentaverit,</span> 
     </span>
     <span class='ocr_line' id='line_1_7' title="bbox 464 748 2002 801; baseline 0.002 -12"><span class='ocrx_word' id='word_1_46' title='bbox 464 748 621 801; x_wconf 90' lang='lat' dir='ltr'>possint</span> <span class='ocrx_word' id='word_1_47' title='bbox 651 748 863 788; x_wconf 88' lang='lat' dir='ltr'>ecclesiam</span> <span class='ocrx_word' id='word_1_48' title='bbox 894 750 1159 789; x_wconf 89' lang='lat' dir='ltr'>manutenere</span> <span class='ocrx_word' id='word_1_49' title='bbox 1181 750 1221 789; x_wconf 91' lang='lat' dir='ltr'>et</span> <span class='ocrx_word' id='word_1_50' title='bbox 1241 761 1283 789; x_wconf 94' lang='lat' dir='ltr'>se</span> <span class='ocrx_word' id='word_1_51' title='bbox 1304 749 1479 790; x_wconf 87' lang='lat' dir='ltr'>vicissim</span> <span class='ocrx_word' id='word_1_52' title='bbox 1510 750 1698 792; x_wconf 86' lang='lat' dir='ltr'>adiuvare</span> <span class='ocrx_word' id='word_1_53' title='bbox 1720 752 1760 791; x_wconf 93' lang='lat' dir='ltr'>et</span> <span class='ocrx_word' id='word_1_54' title='bbox 1779 751 2002 792; x_wconf 84' lang='lat' dir='ltr'>defendere.</span> 
     </span>
    </p>
   </div>
   <div class='ocr_carea' id='block_1_3' title="bbox 462 815 2002 1081">
    <p class='ocr_par' dir='ltr' id='par_1_3' title="bbox 462 815 2002 1081">
     <span class='ocr_line' id='line_1_8' title="bbox 579 815 2001 870; baseline 0.003 -15"><span class='ocrx_word' id='word_1_55' title='bbox 579 816 641 856; x_wconf 87' lang='lat'>10.</span> <span class='ocrx_word' id='word_1_56' title='bbox 673 815 779 855; x_wconf 91' lang='lat' dir='ltr'>Item</span> <span class='ocrx_word' id='word_1_57' title='bbox 817 816 1026 865; x_wconf 89' lang='lat' dir='ltr'>volumus,</span> <span class='ocrx_word' id='word_1_58' title='bbox 1072 817 1119 856; x_wconf 91' lang='lat' dir='ltr'>ut</span> <span class='ocrx_word' id='word_1_59' title='bbox 1149 817 1372 858; x_wconf 87' lang='lat' dir='ltr'>sententiae</span> <span class='ocrx_word' id='word_1_60' title='bbox 1402 830 1532 870; x_wconf 89' lang='lat' dir='ltr'>usque</span> <span class='ocrx_word' id='word_1_61' title='bbox 1569 818 1687 859; x_wconf 86' lang='lat' dir='ltr'>modo</span> <span class='ocrx_word' id='word_1_62' title='bbox 1717 830 1741 859; x_wconf 87' lang='lat' dir='ltr'>a</span> <span class='ocrx_word' id='word_1_63' title='bbox 1770 818 2001 860; x_wconf 86' lang='lat' dir='ltr'>consulibus</span> 
     </span>
     <span class='ocr_line' id='line_1_9' title="bbox 463 871 2002 926; baseline 0.003 -15"><span class='ocrx_word' id='word_1_64' title='bbox 463 871 674 912; x_wconf 87' lang='lat' dir='ltr'>civitatum</span> <span class='ocrx_word' id='word_1_65' title='bbox 719 883 791 912; x_wconf 91' lang='lat' dir='ltr'>seu</span> <span class='ocrx_word' id='word_1_66' title='bbox 830 872 1010 913; x_wconf 86' lang='lat' dir='ltr'>locorum</span> <span class='ocrx_word' id='word_1_67' title='bbox 1049 872 1132 913; x_wconf 85' lang='lat' dir='ltr'>sive</span> <span class='ocrx_word' id='word_1_68' title='bbox 1172 885 1196 913; x_wconf 89' lang='lat' dir='ltr'>a</span> <span class='ocrx_word' id='word_1_69' title='bbox 1233 872 1422 925; x_wconf 82' lang='lat' dir='ltr'>predictis</span> <span class='ocrx_word' id='word_1_70' title='bbox 1460 874 1642 926; x_wconf 89' lang='lat' dir='ltr'>personis</span> <span class='ocrx_word' id='word_1_71' title='bbox 1678 874 1742 915; x_wconf 87' lang='lat' dir='ltr'>vel</span> <span class='ocrx_word' id='word_1_72' title='bbox 1780 874 2002 915; x_wconf 88' lang='lat' dir='ltr'>rectoribus</span> 
     </span>
     <span class='ocr_line' id='line_1_10' title="bbox 462 928 2000 984; baseline 0.003 -17"><span class='ocrx_word' id='word_1_73' title='bbox 462 928 543 968; x_wconf 87' lang='lat' dir='ltr'>late</span> <span class='ocrx_word' id='word_1_74' title='bbox 574 940 647 968; x_wconf 90' lang='lat' dir='ltr'>nec</span> <span class='ocrx_word' id='word_1_75' title='bbox 677 928 944 980; x_wconf 75' lang='lat' dir='ltr'>appellatione</span> <span class='ocrx_word' id='word_1_76' title='bbox 974 940 1187 981; x_wconf 88' lang='lat' dir='ltr'>suspense,</span> <span class='ocrx_word' id='word_1_77' title='bbox 1219 929 1282 969; x_wconf 88' lang='lat' dir='ltr'>vel</span> <span class='ocrx_word' id='word_1_78' title='bbox 1313 929 1346 969; x_wconf 91' lang='lat' dir='ltr'>si</span> <span class='ocrx_word' id='word_1_79' title='bbox 1377 942 1498 982; x_wconf 91' lang='lat' dir='ltr'>super</span> <span class='ocrx_word' id='word_1_80' title='bbox 1527 941 1693 970; x_wconf 88' lang='lat' dir='ltr'>causam</span> <span class='ocrx_word' id='word_1_81' title='bbox 1722 930 2000 984; x_wconf 75' lang='lat' dir='ltr'>appellationis</span> 
     </span>
     <span class='ocr_line' id='line_1_11' title="bbox 463 984 2002 1037; baseline 0.002 -13"><span class='ocrx_word' id='word_1_82' title='bbox 463 984 543 1024; x_wconf 90' lang='lat' dir='ltr'>late</span> <span class='ocrx_word' id='word_1_83' title='bbox 574 984 742 1032; x_wconf 87' lang='lat' dir='ltr'>fuerint,</span> <span class='ocrx_word' id='word_1_84' title='bbox 785 984 899 1025; x_wconf 87' lang='lat' dir='ltr'>firme</span> <span class='ocrx_word' id='word_1_85' title='bbox 910 985 940 1018; x_wconf 85' lang='lat' dir='ltr'>b)</span> <span class='ocrx_word' id='word_1_86' title='bbox 968 986 1250 1037; x_wconf 86' lang='lat' dir='ltr'>permaneant,</span> <span class='ocrx_word' id='word_1_87' title='bbox 1295 987 1336 1025; x_wconf 91' lang='lat' dir='ltr'>et</span> <span class='ocrx_word' id='word_1_88' title='bbox 1364 987 1411 1025; x_wconf 92' lang='lat' dir='ltr'>ut</span> <span class='ocrx_word' id='word_1_89' title='bbox 1441 985 1489 1026; x_wconf 91' lang='lat' dir='ltr'>de</span> <span class='ocrx_word' id='word_1_90' title='bbox 1519 985 1752 1027; x_wconf 87' lang='lat' dir='ltr'>criminibus</span> <span class='ocrx_word' id='word_1_91' title='bbox 1781 986 1861 1026; x_wconf 88' lang='lat' dir='ltr'>iam</span> <span class='ocrx_word' id='word_1_92' title='bbox 1893 998 2002 1027; x_wconf 88' lang='lat' dir='ltr'>com-</span> 
     </span>
     <span class='ocr_line' id='line_1_12' title="bbox 462 1040 1302 1081; baseline 0.001 -1"><span class='ocrx_word' id='word_1_93' title='bbox 462 1040 596 1080; x_wconf 88' lang='lat' dir='ltr'>missis</span> <span class='ocrx_word' id='word_1_94' title='bbox 627 1040 847 1081; x_wconf 89' lang='lat' dir='ltr'>criminalis</span> <span class='ocrx_word' id='word_1_95' title='bbox 879 1040 1080 1081; x_wconf 77' lang='lat' dir='ltr'>accusatio</span> <span class='ocrx_word' id='word_1_96' title='bbox 1109 1053 1190 1081; x_wconf 94' lang='lat' dir='ltr'>non</span> <span class='ocrx_word' id='word_1_97' title='bbox 1219 1041 1302 1081; x_wconf 87' lang='lat' dir='ltr'>fiat.</span> 
     </span>
    </p>
   </div>
   <div class='ocr_carea' id='block_1_4' title="bbox 578 1107 1887 1161">
    <p class='ocr_par' dir='ltr' id='par_1_4' title="bbox 578 1107 1887 1161">
     <span class='ocr_line' id='line_1_13' title="bbox 578 1107 1887 1161; baseline 0.002 -14"><span class='ocrx_word' id='word_1_98' title='bbox 578 1109 639 1147; x_wconf 89' lang='lat'>11.</span> <span class='ocrx_word' id='word_1_99' title='bbox 669 1107 829 1161; x_wconf 86' lang='lat' dir='ltr'>Captivi</span> <span class='ocrx_word' id='word_1_100' title='bbox 859 1121 1020 1161; x_wconf 87' lang='lat' dir='ltr'>quoque</span> <span class='ocrx_word' id='word_1_101' title='bbox 1049 1109 1144 1149; x_wconf 89' lang='lat' dir='ltr'>hinc</span> <span class='ocrx_word' id='word_1_102' title='bbox 1171 1108 1264 1149; x_wconf 92' lang='lat' dir='ltr'>inde</span> <span class='ocrx_word' id='word_1_103' title='bbox 1295 1109 1557 1150; x_wconf 86' lang='lat' dir='ltr'>absolvantur</span> <span class='ocrx_word' id='word_1_104' title='bbox 1586 1110 1627 1150; x_wconf 93' lang='lat' dir='ltr'>et</span> <span class='ocrx_word' id='word_1_105' title='bbox 1655 1109 1887 1150; x_wconf 89' lang='lat' dir='ltr'>reddantur.</span> 
     </span>
    </p>
   </div>
   <div class='ocr_carea' id='block_1_5' title="bbox 460 1175 2000 1733">
    <p class='ocr_par' dir='ltr' id='par_1_5' title="bbox 460 1175 2000 1733">
     <span class='ocr_line' id='line_1_14' title="bbox 577 1175 1999 1230; baseline 0.002 -15"><span class='ocrx_word' id='word_1_106' title='bbox 577 1176 639 1215; x_wconf 83' lang='lat'>12.</span> <span class='ocrx_word' id='word_1_107' title='bbox 669 1175 756 1216; x_wconf 90' lang='lat' dir='ltr'>Hec</span> <span class='ocrx_word' id='word_1_108' title='bbox 786 1177 882 1216; x_wconf 90' lang='lat' dir='ltr'>sunt</span> <span class='ocrx_word' id='word_1_109' title='bbox 912 1188 978 1225; x_wconf 89' lang='lat' dir='ltr'>ea,</span> <span class='ocrx_word' id='word_1_110' title='bbox 1018 1188 1122 1228; x_wconf 90' lang='lat' dir='ltr'>quae</span> <span class='ocrx_word' id='word_1_111' title='bbox 1163 1176 1428 1228; x_wconf 76' lang='lat' dir='ltr'>intelligimus</span> <span class='ocrx_word' id='word_1_112' title='bbox 1468 1176 1677 1218; x_wconf 88' lang='lat' dir='ltr'>dominum</span> <span class='ocrx_word' id='word_1_113' title='bbox 1715 1177 1999 1230; x_wconf 87' lang='lat' dir='ltr'>imperatorem</span> 
     </span>
     <span class='ocr_line' id='line_1_15' title="bbox 463 1231 1999 1274; baseline 0.001 -3"><span class='ocrx_word' id='word_1_114' title='bbox 463 1231 609 1271; x_wconf 86' lang='lat' dir='ltr'>habere</span> <span class='ocrx_word' id='word_1_115' title='bbox 655 1231 798 1272; x_wconf 88' lang='lat' dir='ltr'>debere</span> <span class='ocrx_word' id='word_1_116' title='bbox 843 1233 884 1272; x_wconf 92' lang='lat' dir='ltr'>et</span> <span class='ocrx_word' id='word_1_117' title='bbox 929 1235 1203 1273; x_wconf 84' lang='lat' dir='ltr'>antecessores</span> <span class='ocrx_word' id='word_1_118' title='bbox 1248 1244 1343 1273; x_wconf 90' lang='lat' dir='ltr'>suos</span> <span class='ocrx_word' id='word_1_119' title='bbox 1386 1233 1600 1274; x_wconf 90' lang='lat' dir='ltr'>habuisse:</span> <span class='ocrx_word' id='word_1_120' title='bbox 1646 1233 1799 1274; x_wconf 90' lang='lat' dir='ltr'>scilicet</span> <span class='ocrx_word' id='word_1_121' title='bbox 1840 1232 1999 1274; x_wconf 86' lang='lat' dir='ltr'>fodrum</span> 
     </span>
     <span class='ocr_line' id='line_1_16' title="bbox 461 1287 1999 1341; baseline 0.001 -14"><span class='ocrx_word' id='word_1_122' title='bbox 461 1287 595 1339; x_wconf 84' lang='lat' dir='ltr'>regale</span> <span class='ocrx_word' id='word_1_123' title='bbox 626 1289 666 1328; x_wconf 91' lang='lat' dir='ltr'>et</span> <span class='ocrx_word' id='word_1_124' title='bbox 695 1289 935 1328; x_wconf 90' lang='lat' dir='ltr'>consuetum</span> <span class='ocrx_word' id='word_1_125' title='bbox 966 1290 1007 1329; x_wconf 91' lang='lat' dir='ltr'>et</span> <span class='ocrx_word' id='word_1_126' title='bbox 1036 1290 1271 1329; x_wconf 86' lang='lat' dir='ltr'>consuetam</span> <span class='ocrx_word' id='word_1_127' title='bbox 1300 1291 1496 1341; x_wconf 87' lang='lat' dir='ltr'>paratam,</span> <span class='ocrx_word' id='word_1_128' title='bbox 1511 1290 1537 1322; x_wconf 68' lang='grc' dir='ltr'>ο)</span> <span class='ocrx_word' id='word_1_129' title='bbox 1566 1301 1659 1329; x_wconf 91' lang='lat' dir='ltr'>cum</span> <span class='ocrx_word' id='word_1_130' title='bbox 1685 1288 1796 1330; x_wconf 84' lang='lat' dir='ltr'>vadit</span> <span class='ocrx_word' id='word_1_131' title='bbox 1814 1289 1999 1337; x_wconf 87' lang='lat' dir='ltr'>Romam,</span> 
     </span>
     <span class='ocr_line' id='line_1_17' title="bbox 461 1343 2000 1397; baseline 0.002 -14"><span class='ocrx_word' id='word_1_132' title='bbox 461 1343 592 1395; x_wconf 88' lang='lat' dir='ltr'>gratia</span> <span class='ocrx_word' id='word_1_133' title='bbox 622 1343 875 1397; x_wconf 88' lang='lat' dir='ltr'>accipiendae</span> <span class='ocrx_word' id='word_1_134' title='bbox 906 1356 1086 1385; x_wconf 89' lang='lat' dir='ltr'>coronae.</span> <span class='ocrx_word' id='word_1_135' title='bbox 1143 1344 1197 1384; x_wconf 85' lang='lat' dir='ltr'>Et</span> <span class='ocrx_word' id='word_1_136' title='bbox 1241 1344 1360 1385; x_wconf 90' lang='lat' dir='ltr'>debet</span> <span class='ocrx_word' id='word_1_137' title='bbox 1402 1345 1550 1385; x_wconf 88' lang='lat' dir='ltr'>habere</span> <span class='ocrx_word' id='word_1_138' title='bbox 1595 1345 1780 1397; x_wconf 90' lang='lat' dir='ltr'>quietum</span> <span class='ocrx_word' id='word_1_139' title='bbox 1825 1346 1866 1385; x_wconf 93' lang='lat' dir='ltr'>et</span> <span class='ocrx_word' id='word_1_140' title='bbox 1907 1357 2000 1386; x_wconf 90' lang='lat' dir='ltr'>con—</span> 
     </span>
     <span class='ocr_line' id='line_1_18' title="bbox 461 1399 1998 1454; baseline 0.001 -14"><span class='ocrx_word' id='word_1_141' title='bbox 461 1401 623 1440; x_wconf 86' lang='lat' dir='ltr'>suetum</span> <span class='ocrx_word' id='word_1_142' title='bbox 665 1400 884 1440; x_wconf 88' lang='lat' dir='ltr'>transitum</span> <span class='ocrx_word' id='word_1_143' title='bbox 923 1403 964 1440; x_wconf 88' lang='lat' dir='ltr'>et</span> <span class='ocrx_word' id='word_1_144' title='bbox 994 1399 1198 1441; x_wconf 88' lang='lat' dir='ltr'>sufficiens</span> <span class='ocrx_word' id='word_1_145' title='bbox 1234 1404 1473 1441; x_wconf 89' lang='lat' dir='ltr'>mercatum.</span> <span class='ocrx_word' id='word_1_146' title='bbox 1511 1401 1566 1440; x_wconf 86' lang='lat' dir='ltr'>Et</span> <span class='ocrx_word' id='word_1_147' title='bbox 1604 1402 1785 1442; x_wconf 87' lang='lat' dir='ltr'>transeat</span> <span class='ocrx_word' id='word_1_148' title='bbox 1824 1400 1998 1454; x_wconf 87' lang='lat' dir='ltr'>pacifice,</span> 
     </span>
     <span class='ocr_line' id='line_1_19' title="bbox 460 1456 1999 1510; baseline 0.001 -15"><span class='ocrx_word' id='word_1_149' title='bbox 460 1457 518 1496; x_wconf 88' lang='lat' dir='ltr'>ita</span> <span class='ocrx_word' id='word_1_150' title='bbox 548 1458 594 1496; x_wconf 91' lang='lat' dir='ltr'>ut</span> <span class='ocrx_word' id='word_1_151' title='bbox 631 1456 671 1496; x_wconf 92' lang='lat' dir='ltr'>in</span> <span class='ocrx_word' id='word_1_152' title='bbox 712 1456 946 1510; x_wconf 88' lang='lat' dir='ltr'>episcopatu</span> <span class='ocrx_word' id='word_1_153' title='bbox 984 1457 1048 1497; x_wconf 90' lang='lat' dir='ltr'>vel</span> <span class='ocrx_word' id='word_1_154' title='bbox 1085 1457 1281 1497; x_wconf 88' lang='lat' dir='ltr'>comitatu</span> <span class='ocrx_word' id='word_1_155' title='bbox 1320 1457 1454 1508; x_wconf 84' lang='lat' dir='ltr'>aliquo</span> <span class='ocrx_word' id='word_1_156' title='bbox 1498 1456 1802 1499; x_wconf 86' lang='lat' dir='ltr'>fraudulentam</span> <span class='ocrx_word' id='word_1_157' title='bbox 1843 1469 1999 1498; x_wconf 89' lang='lat' dir='ltr'>moram</span> 
     </span>
     <span class='ocr_line' id='line_1_20' title="bbox 460 1511 1998 1566; baseline 0.001 -15"><span class='ocrx_word' id='word_1_158' title='bbox 460 1524 539 1552; x_wconf 91' lang='lat' dir='ltr'>non</span> <span class='ocrx_word' id='word_1_159' title='bbox 579 1511 710 1552; x_wconf 85' lang='lat' dir='ltr'>faciat.</span> <span class='ocrx_word' id='word_1_160' title='bbox 768 1512 822 1552; x_wconf 83' lang='lat' dir='ltr'>Et</span> <span class='ocrx_word' id='word_1_161' title='bbox 858 1512 1094 1552; x_wconf 86' lang='lat' dir='ltr'>fidelitatem</span> <span class='ocrx_word' id='word_1_162' title='bbox 1127 1525 1150 1552; x_wconf 90' lang='lat' dir='ltr'>a</span> <span class='ocrx_word' id='word_1_163' title='bbox 1181 1513 1364 1553; x_wconf 88' lang='lat' dir='ltr'>vassallis</span> <span class='ocrx_word' id='word_1_164' title='bbox 1405 1513 1592 1566; x_wconf 88' lang='lat' dir='ltr'>recipiat,</span> <span class='ocrx_word' id='word_1_165' title='bbox 1633 1513 1742 1554; x_wconf 89' lang='lat' dir='ltr'>omni</span> <span class='ocrx_word' id='word_1_166' title='bbox 1782 1512 1998 1554; x_wconf 87' lang='lat' dir='ltr'>offensione</span> 
     </span>
     <span class='ocr_line' id='line_1_21' title="bbox 460 1567 1998 1622; baseline 0.002 -15"><span class='ocrx_word' id='word_1_167' title='bbox 460 1567 653 1614; x_wconf 81' lang='lat' dir='ltr'>remissa;</span> <span class='ocrx_word' id='word_1_168' title='bbox 686 1568 847 1609; x_wconf 88' lang='lat' dir='ltr'>vassalli</span> <span class='ocrx_word' id='word_1_169' title='bbox 887 1568 1010 1609; x_wconf 86' lang='lat' dir='ltr'>etiam</span> <span class='ocrx_word' id='word_1_170' title='bbox 1041 1568 1338 1622; x_wconf 89' lang='lat' dir='ltr'>expeditionem</span> <span class='ocrx_word' id='word_1_171' title='bbox 1368 1569 1403 1609; x_wconf 92' lang='lat' dir='ltr'>ei</span> <span class='ocrx_word' id='word_1_172' title='bbox 1434 1568 1594 1618; x_wconf 86' lang='lat' dir='ltr'>faciant,</span> <span class='ocrx_word' id='word_1_173' title='bbox 1638 1568 1861 1610; x_wconf 87' lang='lat' dir='ltr'>secundum</span> <span class='ocrx_word' id='word_1_174' title='bbox 1891 1568 1998 1622; x_wconf 86' lang='lat' dir='ltr'>quod</span> 
     </span>
     <span class='ocr_line' id='line_1_22' title="bbox 461 1624 1999 1678; baseline 0 -14"><span class='ocrx_word' id='word_1_175' title='bbox 461 1624 567 1664; x_wconf 89' lang='lat' dir='ltr'>soliti</span> <span class='ocrx_word' id='word_1_176' title='bbox 598 1627 695 1664; x_wconf 92' lang='lat' dir='ltr'>sunt</span> <span class='ocrx_word' id='word_1_177' title='bbox 725 1626 765 1664; x_wconf 91' lang='lat' dir='ltr'>et</span> <span class='ocrx_word' id='word_1_178' title='bbox 795 1628 857 1665; x_wconf 92' lang='lat' dir='ltr'>est</span> <span class='ocrx_word' id='word_1_179' title='bbox 887 1625 1055 1677; x_wconf 88' lang='lat' dir='ltr'>antiqua</span> <span class='ocrx_word' id='word_1_180' title='bbox 1084 1625 1343 1672; x_wconf 87' lang='lat' dir='ltr'>consuetudo,</span> <span class='ocrx_word' id='word_1_181' title='bbox 1374 1637 1468 1665; x_wconf 92' lang='lat' dir='ltr'>cum</span> <span class='ocrx_word' id='word_1_182' title='bbox 1496 1625 1628 1678; x_wconf 86' lang='lat' dir='ltr'>pergit</span> <span class='ocrx_word' id='word_1_183' title='bbox 1657 1625 1841 1675; x_wconf 85' lang='lat' dir='ltr'>Romam,</span> <span class='ocrx_word' id='word_1_184' title='bbox 1876 1637 1999 1665; x_wconf 86' lang='lat' dir='ltr'>causa</span> 
     </span>
     <span class='ocr_line' id='line_1_23' title="bbox 461 1680 925 1733; baseline 0.002 -13"><span class='ocrx_word' id='word_1_185' title='bbox 461 1680 715 1733; x_wconf 81' lang='lat' dir='ltr'>accipiendae</span> <span class='ocrx_word' id='word_1_186' title='bbox 745 1693 925 1721; x_wconf 90' lang='lat' dir='ltr'>coronae.</span> 
     </span>
    </p>
   </div>
   <div class='ocr_carea' id='block_1_6' title="bbox 460 1748 1999 1914">
    <p class='ocr_par' dir='ltr' id='par_1_6' title="bbox 460 1748 1999 1914">
     <span class='ocr_line' id='line_1_24' title="bbox 576 1748 1999 1801; baseline 0.001 -13"><span class='ocrx_word' id='word_1_187' title='bbox 576 1750 638 1789; x_wconf 90' lang='lat'>13.</span> <span class='ocrx_word' id='word_1_188' title='bbox 668 1748 838 1800; x_wconf 86' lang='lat' dir='ltr'>Regalia</span> <span class='ocrx_word' id='word_1_189' title='bbox 874 1761 978 1798; x_wconf 89' lang='lat' dir='ltr'>vero,</span> <span class='ocrx_word' id='word_1_190' title='bbox 1010 1761 1088 1801; x_wconf 89' lang='lat' dir='ltr'>que</span> <span class='ocrx_word' id='word_1_191' title='bbox 1118 1761 1191 1801; x_wconf 89' lang='lat' dir='ltr'>per</span> <span class='ocrx_word' id='word_1_192' title='bbox 1220 1761 1314 1789; x_wconf 91' lang='lat' dir='ltr'>eum</span> <span class='ocrx_word' id='word_1_193' title='bbox 1343 1748 1406 1789; x_wconf 88' lang='lat' dir='ltr'>vel</span> <span class='ocrx_word' id='word_1_194' title='bbox 1438 1749 1712 1790; x_wconf 89' lang='lat' dir='ltr'>antecessores</span> <span class='ocrx_word' id='word_1_195' title='bbox 1742 1748 1829 1789; x_wconf 86' lang='lat' dir='ltr'>eius</span> <span class='ocrx_word' id='word_1_196' title='bbox 1858 1749 1945 1789; x_wconf 86' lang='lat' dir='ltr'>tam</span> <span class='ocrx_word' id='word_1_197' title='bbox 1975 1761 1999 1790; x_wconf 85' lang='lat' dir='ltr'>a</span> 
     </span>
     <span class='ocr_line' id='line_1_25' title="bbox 460 1804 1999 1858; baseline 0.001 -13"><span class='ocrx_word' id='word_1_198' title='bbox 460 1804 612 1846; x_wconf 86' lang='lat' dir='ltr'>clericis</span> <span class='ocrx_word' id='word_1_199' title='bbox 655 1817 779 1856; x_wconf 89' lang='lat' dir='ltr'>quam</span> <span class='ocrx_word' id='word_1_200' title='bbox 820 1804 932 1845; x_wconf 87' lang='lat' dir='ltr'>laicis</span> <span class='ocrx_word' id='word_1_201' title='bbox 971 1805 1137 1846; x_wconf 89' lang='lat' dir='ltr'>fuerunt</span> <span class='ocrx_word' id='word_1_202' title='bbox 1167 1804 1333 1845; x_wconf 87' lang='lat' dir='ltr'>detenta</span> <span class='ocrx_word' id='word_1_203' title='bbox 1360 1805 1424 1845; x_wconf 87' lang='lat' dir='ltr'>vel</span> <span class='ocrx_word' id='word_1_204' title='bbox 1452 1817 1524 1858; x_wconf 93' lang='lat' dir='ltr'>per</span> <span class='ocrx_word' id='word_1_205' title='bbox 1551 1805 1686 1858; x_wconf 90' lang='lat' dir='ltr'>ipsum</span> <span class='ocrx_word' id='word_1_206' title='bbox 1716 1817 1787 1845; x_wconf 90' lang='lat' dir='ltr'>seu</span> <span class='ocrx_word' id='word_1_207' title='bbox 1818 1806 1999 1846; x_wconf 88' lang='lat' dir='ltr'>anteces—</span> 
     </span>
     <span class='ocr_line' id='line_1_26' title="bbox 460 1860 1876 1914; baseline -0.001 -13"><span class='ocrx_word' id='word_1_208' title='bbox 460 1874 569 1902; x_wconf 87' lang='lat' dir='ltr'>sores</span> <span class='ocrx_word' id='word_1_209' title='bbox 600 1861 686 1902; x_wconf 90' lang='lat' dir='ltr'>eius</span> <span class='ocrx_word' id='word_1_210' title='bbox 717 1861 920 1910; x_wconf 83' lang='lat' dir='ltr'>investita,</span> <span class='ocrx_word' id='word_1_211' title='bbox 952 1862 1088 1914; x_wconf 86' lang='lat' dir='ltr'>quiete</span> <span class='ocrx_word' id='word_1_212' title='bbox 1117 1860 1298 1901; x_wconf 89' lang='lat' dir='ltr'>dimittat</span> <span class='ocrx_word' id='word_1_213' title='bbox 1326 1873 1401 1901; x_wconf 90' lang='lat' dir='ltr'>nec</span> <span class='ocrx_word' id='word_1_214' title='bbox 1430 1860 1479 1901; x_wconf 92' lang='lat' dir='ltr'>de</span> <span class='ocrx_word' id='word_1_215' title='bbox 1509 1863 1641 1902; x_wconf 87' lang='lat' dir='ltr'>cetero</span> <span class='ocrx_word' id='word_1_216' title='bbox 1671 1860 1876 1914; x_wconf 87' lang='lat' dir='ltr'>impediat.</span> 
     </span>
    </p>
   </div>
   <div class='ocr_carea' id='block_1_7' title="bbox 458 1924 2037 2715">
    <p class='ocr_par' dir='ltr' id='par_1_7' title="bbox 458 1924 2037 2315">
     <span class='ocr_line' id='line_1_27' title="bbox 576 1924 1999 1977; baseline 0 -13"><span class='ocrx_word' id='word_1_217' title='bbox 576 1927 638 1965; x_wconf 88' lang='grc'>14.</span> <span class='ocrx_word' id='word_1_218' title='bbox 666 1924 992 1966; x_wconf 86' lang='lat' dir='ltr'>Consuetudines</span> <span class='ocrx_word' id='word_1_219' title='bbox 1016 1925 1140 1966; x_wconf 88' lang='lat' dir='ltr'>etiam</span> <span class='ocrx_word' id='word_1_220' title='bbox 1161 1926 1203 1965; x_wconf 90' lang='lat' dir='ltr'>et</span> <span class='ocrx_word' id='word_1_221' title='bbox 1222 1924 1496 1973; x_wconf 87' lang='lat' dir='ltr'>comoditates‚</span> <span class='ocrx_word' id='word_1_222' title='bbox 1528 1937 1630 1977; x_wconf 89' lang='lat' dir='ltr'>quas</span> <span class='ocrx_word' id='word_1_223' title='bbox 1651 1924 1834 1966; x_wconf 87' lang='lat' dir='ltr'>civitates</span> <span class='ocrx_word' id='word_1_224' title='bbox 1854 1925 1895 1965; x_wconf 90' lang='lat' dir='ltr'>et</span> <span class='ocrx_word' id='word_1_225' title='bbox 1914 1937 1999 1965; x_wconf 93' lang='lat' dir='ltr'>om-</span> 
     </span>
     <span class='ocr_line' id='line_1_28' title="bbox 458 1980 1998 2034; baseline 0 -13"><span class='ocrx_word' id='word_1_226' title='bbox 458 1982 561 2022; x_wconf 67' lang='lat' dir='ltr'>nesd)</span> <span class='ocrx_word' id='word_1_227' title='bbox 594 1981 643 2021; x_wconf 89' lang='lat' dir='ltr'>de</span> <span class='ocrx_word' id='word_1_228' title='bbox 681 1981 872 2021; x_wconf 89' lang='lat' dir='ltr'>societate</span> <span class='ocrx_word' id='word_1_229' title='bbox 911 1981 1058 2021; x_wconf 87' lang='lat' dir='ltr'>habere</span> <span class='ocrx_word' id='word_1_230' title='bbox 1100 1982 1395 2022; x_wconf 90' lang='lat' dir='ltr'>consueverunt</span> <span class='ocrx_word' id='word_1_231' title='bbox 1427 1980 1469 2020; x_wconf 92' lang='lat' dir='ltr'>in</span> <span class='ocrx_word' id='word_1_232' title='bbox 1498 1981 1670 2033; x_wconf 84' lang='lat' dir='ltr'>pascuis,</span> <span class='ocrx_word' id='word_1_233' title='bbox 1699 1980 1998 2034; x_wconf 88' lang='lat' dir='ltr'>piscationibus,</span> 
     </span>
     <span class='ocr_line' id='line_1_29' title="bbox 459 2036 1999 2089; baseline -0.001 -12"><span class='ocrx_word' id='word_1_234' title='bbox 459 2037 711 2085; x_wconf 88' lang='lat' dir='ltr'>molendinis,</span> <span class='ocrx_word' id='word_1_235' title='bbox 728 2036 898 2084; x_wconf 56' lang='lat' dir='ltr'>furnisf)</span> <span class='ocrx_word' id='word_1_236' title='bbox 916 2037 1066 2078; x_wconf 89' lang='lat' dir='ltr'>tabulis</span> <span class='ocrx_word' id='word_1_237' title='bbox 1078 2037 1371 2078; x_wconf 88' lang='lat' dir='ltr'>cambiatorum</span> <span class='ocrx_word' id='word_1_238' title='bbox 1388 2038 1428 2077; x_wconf 89' lang='lat' dir='ltr'>et</span> <span class='ocrx_word' id='word_1_239' title='bbox 1441 2037 1755 2089; x_wconf 87' lang='lat' dir='ltr'>negociatorum‚</span> <span class='ocrx_word' id='word_1_240' title='bbox 1771 2036 1962 2086; x_wconf 85' lang='lat' dir='ltr'>macellis,</span> <span class='ocrx_word' id='word_1_241' title='bbox 1977 2037 1999 2067; x_wconf 78' lang='lat' dir='ltr'>f)</span> 
     </span>
     <span class='ocr_line' id='line_1_30' title="bbox 459 2092 1998 2146; baseline -0.001 -13"><span class='ocrx_word' id='word_1_242' title='bbox 459 2093 664 2142; x_wconf 89' lang='lat' dir='ltr'>domibus,</span> <span class='ocrx_word' id='word_1_243' title='bbox 709 2105 811 2145; x_wconf 91' lang='lat' dir='ltr'>quas</span> <span class='ocrx_word' id='word_1_244' title='bbox 855 2094 1008 2134; x_wconf 86' lang='lat' dir='ltr'>habent</span> <span class='ocrx_word' id='word_1_245' title='bbox 1051 2093 1255 2134; x_wconf 89' lang='lat' dir='ltr'>edificatas</span> <span class='ocrx_word' id='word_1_246' title='bbox 1293 2093 1335 2133; x_wconf 91' lang='lat' dir='ltr'>in</span> <span class='ocrx_word' id='word_1_247' title='bbox 1372 2093 1446 2133; x_wconf 91' lang='lat' dir='ltr'>viis</span> <span class='ocrx_word' id='word_1_248' title='bbox 1484 2093 1654 2146; x_wconf 89' lang='lat' dir='ltr'>publicis</span> <span class='ocrx_word' id='word_1_249' title='bbox 1685 2093 1747 2134; x_wconf 90' lang='lat' dir='ltr'>vel</span> <span class='ocrx_word' id='word_1_250' title='bbox 1786 2104 1909 2146; x_wconf 86' lang='lat' dir='ltr'>supra</span> <span class='ocrx_word' id='word_1_251' title='bbox 1935 2092 1998 2134; x_wconf 87' lang='lat' dir='ltr'>vel</span> 
     </span>
     <span class='ocr_line' id='line_1_31' title="bbox 458 2148 2037 2202; baseline -0.001 -13"><span class='ocrx_word' id='word_1_252' title='bbox 458 2150 572 2190; x_wconf 87' lang='lat' dir='ltr'>iuxta</span> <span class='ocrx_word' id='word_1_253' title='bbox 600 2150 688 2190; x_wconf 86' lang='lat' dir='ltr'>vias</span> <span class='ocrx_word' id='word_1_254' title='bbox 717 2149 918 2202; x_wconf 84' lang='lat' dir='ltr'>publicas,</span> <span class='ocrx_word' id='word_1_255' title='bbox 957 2151 998 2190; x_wconf 92' lang='lat' dir='ltr'>et</span> <span class='ocrx_word' id='word_1_256' title='bbox 1033 2151 1188 2190; x_wconf 86' lang='lat' dir='ltr'>ceteras</span> <span class='ocrx_word' id='word_1_257' title='bbox 1199 2152 1226 2181; x_wconf 65' lang='lat' dir='ltr'>g*</span> <span class='ocrx_word' id='word_1_258' title='bbox 1258 2149 1568 2190; x_wconf 88' lang='lat' dir='ltr'>consuetudines</span> <span class='ocrx_word' id='word_1_259' title='bbox 1609 2148 1798 2201; x_wconf 85' lang='lat' dir='ltr'>antiquas</span> <span class='ocrx_word' id='word_1_260' title='bbox 1846 2148 1999 2189; x_wconf 73' lang='lat' dir='ltr'>eisdem</span> <span class='ocrx_word' id='word_1_261' title='bbox 2032 2177 2037 2183; x_wconf 78' lang='grc'>.</span> 
     </span>
     <span class='ocr_line' id='line_1_32' title="bbox 459 2205 1999 2257; baseline -0.001 -11"><span class='ocrx_word' id='word_1_262' title='bbox 459 2206 692 2246; x_wconf 89' lang='lat' dir='ltr'>civitatibus</span> <span class='ocrx_word' id='word_1_263' title='bbox 737 2207 778 2246; x_wconf 88' lang='lat' dir='ltr'>et</span> <span class='ocrx_word' id='word_1_264' title='bbox 819 2205 1035 2246; x_wconf 71' lang='lat' dir='ltr'>omnibus³&gt;</span> <span class='ocrx_word' id='word_1_265' title='bbox 1075 2205 1124 2245; x_wconf 93' lang='lat' dir='ltr'>de</span> <span class='ocrx_word' id='word_1_266' title='bbox 1168 2205 1360 2246; x_wconf 89' lang='lat' dir='ltr'>societate</span> <span class='ocrx_word' id='word_1_267' title='bbox 1405 2205 1540 2257; x_wconf 89' lang='lat' dir='ltr'>quiete</span> <span class='ocrx_word' id='word_1_268' title='bbox 1583 2205 1730 2246; x_wconf 90' lang='lat' dir='ltr'>habere</span> <span class='ocrx_word' id='word_1_269' title='bbox 1775 2207 1816 2246; x_wconf 88' lang='lat' dir='ltr'>et</span> <span class='ocrx_word' id='word_1_270' title='bbox 1861 2207 1999 2245; x_wconf 88' lang='lat' dir='ltr'>tenere</span> 
     </span>
     <span class='ocr_line' id='line_1_33' title="bbox 459 2262 681 2315; baseline -0.009 -12"><span class='ocrx_word' id='word_1_271' title='bbox 459 2262 681 2315; x_wconf 87' lang='lat' dir='ltr'>permittat.</span> 
     </span>
    </p>

    <p class='ocr_par' dir='ltr' id='par_1_8' title="bbox 458 2324 1999 2715">
     <span class='ocr_line' id='line_1_34' title="bbox 576 2324 1998 2378; baseline -0.001 -13"><span class='ocrx_word' id='word_1_272' title='bbox 576 2327 637 2365; x_wconf 81' lang='lat'>15.</span> <span class='ocrx_word' id='word_1_273' title='bbox 669 2325 711 2366; x_wconf 85' lang='lat' dir='ltr'>Si</span> <span class='ocrx_word' id='word_1_274' title='bbox 743 2326 882 2365; x_wconf 89' lang='lat' dir='ltr'>autem</span> <span class='ocrx_word' id='word_1_275' title='bbox 911 2325 960 2365; x_wconf 87' lang='lat' dir='ltr'>de</span> <span class='ocrx_word' id='word_1_276' title='bbox 991 2324 1234 2378; x_wconf 87' lang='lat' dir='ltr'>supradictis</span> <span class='ocrx_word' id='word_1_277' title='bbox 1273 2324 1411 2376; x_wconf 88' lang='lat' dir='ltr'>aliqua</span> <span class='ocrx_word' id='word_1_278' title='bbox 1440 2324 1641 2366; x_wconf 90' lang='lat' dir='ltr'>contentio</span> <span class='ocrx_word' id='word_1_279' title='bbox 1681 2324 1786 2364; x_wconf 90' lang='lat' dir='ltr'>inter</span> <span class='ocrx_word' id='word_1_280' title='bbox 1826 2324 1998 2377; x_wconf 86' lang='lat' dir='ltr'>impera-</span> 
     </span>
     <span class='ocr_line' id='line_1_35' title="bbox 458 2379 1998 2433; baseline -0.002 -10"><span class='ocrx_word' id='word_1_281' title='bbox 458 2384 589 2423; x_wconf 90' lang='lat' dir='ltr'>torem</span> <span class='ocrx_word' id='word_1_282' title='bbox 620 2383 661 2422; x_wconf 89' lang='lat' dir='ltr'>et</span> <span class='ocrx_word' id='word_1_283' title='bbox 690 2382 875 2422; x_wconf 89' lang='lat' dir='ltr'>civitates</span> <span class='ocrx_word' id='word_1_284' title='bbox 906 2382 967 2422; x_wconf 91' lang='lat' dir='ltr'>vel</span> <span class='ocrx_word' id='word_1_285' title='bbox 1005 2381 1092 2422; x_wconf 88' lang='lat' dir='ltr'>loca</span> <span class='ocrx_word' id='word_1_286' title='bbox 1129 2380 1213 2420; x_wconf 84' lang='lat' dir='ltr'>sive</span> <span class='ocrx_word' id='word_1_287' title='bbox 1253 2393 1445 2433; x_wconf 91' lang='lat' dir='ltr'>personas</span> <span class='ocrx_word' id='word_1_288' title='bbox 1487 2380 1690 2421; x_wconf 85' lang='lat' dir='ltr'>societatis</span> <span class='ocrx_word' id='word_1_289' title='bbox 1733 2381 1823 2421; x_wconf 90' lang='lat' dir='ltr'>orta</span> <span class='ocrx_word' id='word_1_290' title='bbox 1865 2379 1998 2428; x_wconf 82' lang='lat' dir='ltr'>fuerit,</span> 
     </span>
     <span class='ocr_line' id='line_1_36' title="bbox 459 2435 1999 2491; baseline -0.002 -13"><span class='ocrx_word' id='word_1_291' title='bbox 459 2451 531 2491; x_wconf 87' lang='lat' dir='ltr'>per</span> <span class='ocrx_word' id='word_1_292' title='bbox 561 2438 746 2478; x_wconf 90' lang='lat' dir='ltr'>consules</span> <span class='ocrx_word' id='word_1_293' title='bbox 777 2437 971 2486; x_wconf 86' lang='lat' dir='ltr'>civitatis,</span> <span class='ocrx_word' id='word_1_294' title='bbox 1014 2449 1108 2477; x_wconf 90' lang='lat' dir='ltr'>cum</span> <span class='ocrx_word' id='word_1_295' title='bbox 1147 2448 1228 2487; x_wconf 86' lang='lat' dir='ltr'>qua</span> <span class='ocrx_word' id='word_1_296' title='bbox 1267 2437 1563 2477; x_wconf 89' lang='lat' dir='ltr'>contentionem</span> <span class='ocrx_word' id='word_1_297' title='bbox 1595 2436 1782 2476; x_wconf 91' lang='lat' dir='ltr'>habuerit</span> <span class='ocrx_word' id='word_1_298' title='bbox 1811 2436 1874 2477; x_wconf 90' lang='lat' dir='ltr'>vel</span> <span class='ocrx_word' id='word_1_299' title='bbox 1902 2435 1999 2477; x_wconf 90' lang='lat' dir='ltr'>locis</span> 
     </span>
     <span class='ocr_line' id='line_1_37' title="bbox 459 2491 1998 2547; baseline -0.002 -12"><span class='ocrx_word' id='word_1_300' title='bbox 459 2507 532 2535; x_wconf 91' lang='lat' dir='ltr'>seu</span> <span class='ocrx_word' id='word_1_301' title='bbox 561 2494 742 2547; x_wconf 90' lang='lat' dir='ltr'>personis</span> <span class='ocrx_word' id='word_1_302' title='bbox 772 2493 835 2534; x_wconf 89' lang='lat' dir='ltr'>sui</span> <span class='ocrx_word' id='word_1_303' title='bbox 865 2493 1094 2541; x_wconf 82' lang='lat' dir='ltr'>comitatus,</span> <span class='ocrx_word' id='word_1_304' title='bbox 1106 2494 1134 2521; x_wconf 63' lang='grc' dir='ltr'><strong>Μ</strong></span> <span class='ocrx_word' id='word_1_305' title='bbox 1173 2493 1398 2533; x_wconf 89' lang='lat' dir='ltr'>secundum</span> <span class='ocrx_word' id='word_1_306' title='bbox 1437 2505 1568 2533; x_wconf 88' lang='lat' dir='ltr'>mores</span> <span class='ocrx_word' id='word_1_307' title='bbox 1608 2494 1648 2532; x_wconf 90' lang='lat' dir='ltr'>et</span> <span class='ocrx_word' id='word_1_308' title='bbox 1685 2491 1998 2533; x_wconf 87' lang='lat' dir='ltr'>consuetudines</span> 
     </span>
     <span class='ocr_line' id='line_1_38' title="bbox 459 2547 1997 2604; baseline -0.002 -13"><span class='ocrx_word' id='word_1_309' title='bbox 459 2550 635 2591; x_wconf 90' lang='lat' dir='ltr'>civitatis</span> <span class='ocrx_word' id='word_1_310' title='bbox 677 2554 718 2590; x_wconf 90' lang='lat' dir='ltr'>et</span> <span class='ocrx_word' id='word_1_311' title='bbox 747 2550 822 2590; x_wconf 93' lang='lat' dir='ltr'>loci</span> <span class='ocrx_word' id='word_1_312' title='bbox 853 2549 1072 2598; x_wconf 85' lang='lat' dir='ltr'>decidatur,</span> <span class='ocrx_word' id='word_1_313' title='bbox 1110 2548 1367 2589; x_wconf 87' lang='lat' dir='ltr'>iureiurando</span> <span class='ocrx_word' id='word_1_314' title='bbox 1397 2549 1591 2601; x_wconf 88' lang='lat' dir='ltr'>praestito</span> <span class='ocrx_word' id='word_1_315' title='bbox 1622 2549 1672 2588; x_wconf 91' lang='lat' dir='ltr'>ab</span> <span class='ocrx_word' id='word_1_316' title='bbox 1701 2548 1798 2601; x_wconf 87' lang='lat' dir='ltr'>ipsis</span> <span class='ocrx_word' id='word_1_317' title='bbox 1827 2547 1997 2604; x_wconf 76' lang='lat' dir='ltr'>cpnsuli-</span> 
     </span>
     <span class='ocr_line' id='line_1_39' title="bbox 459 2595 1999 2659; baseline -0.002 -12"><span class='ocrx_word' id='word_1_318' title='bbox 459 2608 546 2655; x_wconf 87' lang='lat' dir='ltr'>bus,</span> <span class='ocrx_word' id='word_1_319' title='bbox 577 2605 684 2659; x_wconf 90' lang='lat' dir='ltr'>quod</span> <span class='ocrx_word' id='word_1_320' title='bbox 704 2618 837 2647; x_wconf 89' lang='lat' dir='ltr'>mores</span> <span class='ocrx_word' id='word_1_321' title='bbox 858 2607 899 2646; x_wconf 92' lang='lat' dir='ltr'>et</span> <span class='ocrx_word' id='word_1_322' title='bbox 918 2606 1230 2646; x_wconf 90' lang='lat' dir='ltr'>consuetudines</span> <span class='ocrx_word' id='word_1_323' title='bbox 1250 2606 1335 2645; x_wconf 91' lang='lat' dir='ltr'>tam</span> <span class='ocrx_word' id='word_1_324' title='bbox 1357 2604 1588 2658; x_wconf 88' lang='lat' dir='ltr'>imperatori</span> <span class='ocrx_word' id='word_1_325' title='bbox 1619 2616 1742 2656; x_wconf 86' lang='lat' dir='ltr'>quam</span> <span class='ocrx_word' id='word_1_326' title='bbox 1763 2595 1914 2645; x_wconf 88' lang='lat' dir='ltr'>civitati</span> <span class='ocrx_word' id='word_1_327' title='bbox 1938 2603 1999 2644; x_wconf 89' lang='lat' dir='ltr'>vel</span> 
     </span>
     <span class='ocr_line' id='line_1_40' title="bbox 458 2662 1108 2715; baseline 0 -13"><span class='ocrx_word' id='word_1_328' title='bbox 458 2663 544 2704; x_wconf 93' lang='lat' dir='ltr'>loco</span> <span class='ocrx_word' id='word_1_329' title='bbox 574 2675 647 2704; x_wconf 88' lang='lat' dir='ltr'>seu</span> <span class='ocrx_word' id='word_1_330' title='bbox 676 2674 847 2715; x_wconf 90' lang='lat' dir='ltr'>persone</span> <span class='ocrx_word' id='word_1_331' title='bbox 877 2662 1108 2703; x_wconf 89' lang='lat' dir='ltr'>servabunt.</span> 
     </span>
    </p>
   </div>
   <div class='ocr_carea' id='block_1_8' title="bbox 459 2750 2000 2910">
    <p class='ocr_par' dir='ltr' id='par_1_9' title="bbox 459 2750 2000 2910">
     <span class='ocr_line' id='line_1_41' title="bbox 553 2750 2000 2817; baseline -0.003 -8.935"><span class='ocrx_word' id='word_1_332' title='bbox 553 2750 616 2816; x_wconf 92' lang='grc'>6)</span> <span class='ocrx_word' id='word_1_333' title='bbox 634 2773 856 2808; x_wconf 79' lang='lat' dir='ltr'>hominibus?</span> <span class='ocrx_word' id='word_1_334' title='bbox 904 2773 940 2817; x_wconf 88' lang='lat' dir='ltr'>b)</span> <span class='ocrx_word' id='word_1_335' title='bbox 966 2773 1064 2807; x_wconf 88' lang='lat' dir='ltr'>Pertz</span> <span class='ocrx_word' id='word_1_336' title='bbox 1089 2773 1160 2806; x_wconf 90' lang='lat' dir='ltr'>und</span> <span class='ocrx_word' id='word_1_337' title='bbox 1184 2772 1345 2815; x_wconf 82' lang='lat' dir='ltr'>Vignati:</span> <span class='ocrx_word' id='word_1_338' title='bbox 1379 2772 1487 2806; x_wconf 87' lang='lat' dir='ltr'>firma.</span> <span class='ocrx_word' id='word_1_339' title='bbox 1537 2772 1568 2815; x_wconf 91' lang='lat' dir='ltr'>c)</span> <span class='ocrx_word' id='word_1_340' title='bbox 1594 2771 1714 2806; x_wconf 87' lang='lat' dir='ltr'>Steuer</span> <span class='ocrx_word' id='word_1_341' title='bbox 1749 2771 1804 2805; x_wconf 82' lang='lat' dir='ltr'>fiir</span> <span class='ocrx_word' id='word_1_342' title='bbox 1833 2771 1889 2805; x_wconf 81' lang='lat' dir='ltr'>die</span> <span class='ocrx_word' id='word_1_343' title='bbox 1917 2770 2000 2804; x_wconf 86' lang='lat' dir='ltr'>Ver-</span> 
     </span>
     <span class='ocr_line' id='line_1_42' title="bbox 460 2816 2000 2866; baseline -0.003 -11"><span class='ocrx_word' id='word_1_344' title='bbox 460 2821 620 2866; x_wconf 84' lang='lat' dir='ltr'>pflegung</span> <span class='ocrx_word' id='word_1_345' title='bbox 655 2821 714 2854; x_wconf 88' lang='lat' dir='ltr'>des</span> <span class='ocrx_word' id='word_1_346' title='bbox 739 2819 964 2853; x_wconf 85' lang='lat' dir='ltr'>kaiserlichen</span> <span class='ocrx_word' id='word_1_347' title='bbox 989 2819 1126 2853; x_wconf 84' lang='lat' dir='ltr'>Heeles.</span> <span class='ocrx_word' id='word_1_348' title='bbox 1176 2818 1212 2860; x_wconf 78' lang='lat' dir='ltr'>d)</span> <span class='ocrx_word' id='word_1_349' title='bbox 1238 2818 1419 2852; x_wconf 77' lang='lat' dir='ltr'>homines?</span> <span class='ocrx_word' id='word_1_350' title='bbox 1471 2820 1507 2860; x_wconf 91' lang='lat' dir='ltr'>e)</span> <span class='ocrx_word' id='word_1_351' title='bbox 1531 2818 1712 2852; x_wconf 72' lang='lat' dir='ltr'>Backofen.</span> <span class='ocrx_word' id='word_1_352' title='bbox 1768 2817 1798 2859; x_wconf 88' lang='lat' dir='ltr'>f)</span> <span class='ocrx_word' id='word_1_353' title='bbox 1821 2816 2000 2851; x_wconf 79' lang='lat' dir='ltr'>Schlacht-</span> 
     </span>
     <span class='ocr_line' id='line_1_43' title="bbox 459 2863 1999 2910; baseline -0.003 -10"><span class='ocrx_word' id='word_1_354' title='bbox 459 2867 581 2902; x_wconf 77' lang='lat' dir='ltr'>banke.</span> <span class='ocrx_word' id='word_1_355' title='bbox 636 2867 673 2910; x_wconf 87' lang='lat' dir='ltr'>g)</span> <span class='ocrx_word' id='word_1_356' title='bbox 699 2866 798 2900; x_wconf 87' lang='lat' dir='ltr'>Pertz</span> <span class='ocrx_word' id='word_1_357' title='bbox 828 2865 898 2899; x_wconf 89' lang='lat' dir='ltr'>und</span> <span class='ocrx_word' id='word_1_358' title='bbox 922 2865 1084 2909; x_wconf 85' lang='lat' dir='ltr'>Vignati:</span> <span class='ocrx_word' id='word_1_359' title='bbox 1121 2867 1266 2899; x_wconf 36' lang='lat' dir='ltr'>eterQnas</span> <span class='ocrx_word' id='word_1_360' title='bbox 1325 2865 1362 2909; x_wconf 92' lang='lat' dir='ltr'>h)</span> <span class='ocrx_word' id='word_1_361' title='bbox 1394 2864 1494 2898; x_wconf 88' lang='lat' dir='ltr'>Pertz</span> <span class='ocrx_word' id='word_1_362' title='bbox 1531 2863 1602 2897; x_wconf 90' lang='lat' dir='ltr'>und</span> <span class='ocrx_word' id='word_1_363' title='bbox 1626 2863 1785 2907; x_wconf 86' lang='lat' dir='ltr'>Vignati:</span> <span class='ocrx_word' id='word_1_364' title='bbox 1821 2873 1899 2897; x_wconf 92' lang='lat' dir='ltr'>cum</span> <span class='ocrx_word' id='word_1_365' title='bbox 1931 2872 1999 2907; x_wconf 85' lang='lat' dir='ltr'>qua</span> 
     </span>
    </p>
   </div>
   <div class='ocr_carea' id='block_1_9' title="bbox 459 2912 1198 2957">
    <p class='ocr_par' dir='ltr' id='par_1_10' title="bbox 459 2912 1198 2957">
     <span class='ocr_line' id='line_1_44' title="bbox 459 2912 1198 2957; baseline -0.003 -11"><span class='ocrx_word' id='word_1_366' title='bbox 459 2913 631 2948; x_wconf 86' lang='lat' dir='ltr'>contentio</span> <span class='ocrx_word' id='word_1_367' title='bbox 655 2913 702 2955; x_wconf 91' lang='lat' dir='ltr'>h.‚</span> <span class='ocrx_word' id='word_1_368' title='bbox 727 2924 756 2947; x_wconf 86' lang='lat' dir='ltr'>v.</span> <span class='ocrx_word' id='word_1_369' title='bbox 781 2912 856 2946; x_wconf 88' lang='lat' dir='ltr'>loca</span> <span class='ocrx_word' id='word_1_370' title='bbox 880 2923 907 2946; x_wconf 85' lang='lat' dir='ltr'>s.</span> <span class='ocrx_word' id='word_1_371' title='bbox 931 2922 1093 2957; x_wconf 84' lang='lat' dir='ltr'>personas</span> <span class='ocrx_word' id='word_1_372' title='bbox 1118 2922 1144 2945; x_wconf 78' lang='lat' dir='ltr'>S.</span> <span class='ocrx_word' id='word_1_373' title='bbox 1170 2921 1198 2945; x_wconf 87' lang='lat' dir='ltr'>c.</span> 
     </span>
    </p>
   </div>
  </div>
 </body>
</html>
