2098 3432
493 278 576 317 170

1285 395 1476 430 Rollandus
1511 409 1598 441 vero,
1638 399 1696 444 qui
1731 402 1811 435 ante
1834 401 2029 439 huiusmodi

1286 441 1494 476 vocationem
1516 443 1721 481 instantem
1752 458 1812 491 per
1834 447 1970 484 litteras
1992 451 2029 484 et

1284 498 1344 531 per
1375 487 1508 531 legatos
1538 501 1616 524 suos
1640 491 1804 526 iudicium
1828 493 2026 530 multotiens

1283 533 1526 578 postulaverat,
1552 536 1615 571 has
1639 548 1754 572 omnes
1777 539 1969 575 vocationes
1991 543 2027 576 et

1283 579 1479 614 securitatis
1511 582 1750 626 promissiones
1782 586 2027 622 contumaciter
2091 614 2098 617 x

1282 626 1318 658 et
1341 627 1484 670 superbe
1507 629 1699 664 contemsit.
1714 630 1746 672 ³¹²)

1283 671 1379 715 (iob)
1404 672 1586 708 Praeterea
1621 675 1898 720 coniurationem,
1935 678 2025 715 inter

1327 838 1360 882 a)
1385 839 1473 873 fehlt
1495 839 1550 873 bei
1573 839 1653 874 MD.

1329 912 1359 953 *)
1396 913 1444 946 Zu
1484 913 1560 947 dem
1599 914 1832 961 Versprechen
1870 917 2023 954 sichel-en

1281 957 1431 992 Geleites
1460 959 1525 1002 vgl.
1552 959 1736 996 Schreiben
1760 962 1955 998 Friedrichs
1979 975 2022 1000 an

1279 1003 1344 1037 den
1367 1003 1515 1039 Kanzler
1538 1005 1679 1041 Roland'
1707 1008 1885 1053 (Ragewin
1908 1007 1968 1054 IV,
1992 1021 2020 1047 c.

1279 1051 1337 1092 65)
1350 1063 1357 1084 :
1375 1049 1504 1092 Quodsi
1518 1051 1562 1085 ad
1575 1054 1647 1086 tam
1660 1054 1826 1089 celebrem
1839 1055 2022 1092 aecclesiae

1283 1098 1484 1131 conventum
1500 1098 1761 1134 examinationis
1785 1111 1890 1135 causa
1909 1102 2022 1138 venire

1277 1142 1464 1186 volueritis,
1500 1143 1673 1180 karissimi
1707 1146 1817 1191 princi
1913 1149 2021 1184 nostri

1276 1189 1312 1221 et
1348 1188 1531 1223 aecclesiae
1569 1190 1762 1226 katholicae
1827 1192 2020 1229 erimannus

1275 1233 1467 1277 Ferdensis,
1491 1235 1615 1270 Daniel
1636 1237 1823 1282 Bragensis
1847 1241 1963 1284 patres
1985 1242 2022 1276 et

1275 1279 1422 1325 episcopi
1455 1282 1673 1326 venerabiles,
1710 1295 1795 1328 quos
1826 1284 1868 1319 de
1890 1285 2019 1331 palatio

1274 1327 1390 1360 nostro
1415 1327 1459 1360 ad
1484 1338 1541 1361 vos
1566 1329 1830 1373 transmisimus,
1853 1341 1923 1366 una
1943 1343 2019 1368 cum

1274 1372 1396 1406 comite
1422 1373 1586 1418 palatino,
1616 1376 1866 1420 consanguineo
1889 1379 2016 1422 nostro,

1273 1417 1418 1463 aliisque
1440 1419 1566 1463 legatis
1589 1421 1728 1464 nostris,
1753 1433 1908 1458 securum
1923 1424 2018 1459 vobis

1272 1464 1475 1499 conductum
1501 1467 1715 1510 prestabant.
1743 1488 1783 1492 —
1816 1469 1890 1503 Das
1913 1469 2019 1505 Aner—

1272 1509 1387 1544 bieten
1402 1510 1543 1546 Viktors
1568 1512 1654 1547 wird
1676 1513 1829 1549 indirekt
1847 1515 2018 1561 bestatigt

1272 1555 1381 1590 durch
1417 1556 1472 1591 die
1510 1557 1546 1591 in
1583 1558 1660 1593 dem
1697 1558 2017 1597 Gesamtschreiben

1271 1601 1332 1636 der
1355 1604 1400 1637 25
1424 1602 1740 1640 alexandrinischen
1756 1606 1944 1642 Kardinale
1966 1619 2016 1643 er·

1270 1648 1406 1682 wahnte
1417 1648 1617 1695 Forderung
1633 1650 1694 1686 der
1709 1651 1934 1688 kaiserlichen
1951 1653 2015 1690 Ge-

1269 1694 1434 1729 sandten:
1459 1694 1557 1730 Sicut
1580 1696 1692 1732 edocti
1708 1701 1881 1742 venerant,
1905 1701 2014 1736 muni-

1269 1739 1358 1785 cipia
1390 1742 1426 1775 et
1458 1741 1594 1777 obsides
1617 1743 1800 1788 petierunt,
1836 1756 1897 1790 per
1928 1757 2015 1792 quae

1267 1785 1309 1820 de
1322 1787 1490 1822 servanda
1502 1789 1676 1824 sententia
1686 1801 1842 1825 recursus
1850 1791 2013 1836 (securus,

1266 1831 1494 1876 WatterichD
1528 1833 1626 1870 fieret
1654 1835 1850 1881 imperator.
1891 1858 1924 1863 —
1965 1839 2014 1874 Zu

1207 1887 1211 1890 ·
1267 1878 1327 1912 der
1344 1878 1474 1914 dritten
1490 1879 1635 1924 Angabe
1653 1882 1720 1926 vgl.
1738 1882 1896 1927 folgende
1907 1883 2013 1920 Stelle

1266 1923 1301 1958 in
1332 1924 1409 1959 dem
1441 1926 1527 1960 eben
1557 1927 1785 1971 angefiihrten
1809 1928 2012 1966 Schreiben:

1265 1969 1364 2005 Unde
1399 1982 1476 2006 cum
1513 1972 1558 2006 ad
1591 1974 1822 2018 praesentiam
1863 1975 1937 2011 eius
1971 1977 2013 2012 de

1263 2016 1429 2051 fratribus
1465 2018 1592 2053 nostris
1631 2019 1802 2055 destinare
1838 2021 2012 2067 vellemus,

1265 2062 1323 2107 qui
1347 2073 1449 2108 super
1477 2063 1568 2099 facto
1599 2064 1652 2100 ita
1683 2077 1762 2101 eum
1789 2067 2010 2113 instruerent,

1263 2110 1304 2142 ut
1326 2119 1387 2154 per
1409 2109 1643 2154 ignorantiam
1665 2112 1751 2147 facti
1772 2112 1810 2148 in
1833 2113 2011 2150 sinistram

1262 2157 1396 2199 partem
1421 2155 1591 2191 declinare
1615 2169 1683 2193 non
1706 2161 1833 2204 posset,
1857 2162 1895 2195 et
1916 2162 2009 2205 tunc,

1188 2217 1190 2219 ·
1263 2200 1293 2234 si
1315 2201 1404 2235 forte
1427 2213 1530 2247 penes
1554 2214 1631 2238 eum
1657 2206 1720 2239 aut
1742 2205 1921 2241 ecclesiam
1944 2207 2010 2242 Dei

1263 2246 1304 2281 de
1335 2247 1426 2281 facto
1454 2250 1571 2283 nostro
1604 2250 1676 2284 ulla
1707 2250 1880 2287 dubitatio
1901 2263 2011 2298 rema-

1261 2294 1368 2336 neret,
1394 2294 1483 2338 quod
1507 2296 1624 2330 tamen
1647 2296 1824 2332 enucleato
1839 2298 1931 2334 facto
1946 2299 2010 2334 im-

1259 2339 1840 2424 ffffssbissinffifflmsszrssffiss
1863 2344 2008 2426 iffi

1259 2431 1418 2475 partibus
1449 2432 1540 2467 orbis
1568 2445 1730 2479 personas
1759 2436 2008 2473 ecclesiasticas

1260 2487 1465 2521 vocaremus,
1481 2478 1525 2513 ad
1535 2490 1650 2514 eorum
1664 2481 1854 2526 consilium,
1871 2482 1902 2518 si
1917 2483 2008 2518 circa

1258 2523 1387 2557 factum
1422 2527 1578 2560 nostrum
1612 2527 1851 2572 corrigendum
1874 2529 2007 2575 aliquid

1258 2569 1440 2612 videretur,
1478 2574 1634 2617 prompto
1667 2573 1780 2608 animo
1803 2575 2006 2611 correcturi:

1257 2615 1450 2658 noluerunt,
1483 2617 1540 2662 qui
1572 2618 1669 2653 missi
1693 2619 1839 2663 fuerant,
1870 2631 2006 2667 respon·

1258 2671 1333 2694 sum
1357 2663 1513 2696 nostrum
1539 2664 1701 2709 accipere.
1725 2686 1765 2691 —
1795 2664 2005 2702 Gleiehwohl

1256 2707 1446 2752 behauptet
1469 2708 1585 2753 Meyer
1609 2721 1638 2745 a.
1659 2722 1689 2746 a.
1708 2711 1748 2746 Ο.
1773 2711 1807 2746 S.
1833 2715 1889 2755 47,
1923 2713 2004 2748 dass

1257 2753 1437 2788 samtliche
1458 2754 1529 2789 drei
1544 2755 1712 2801 Angaben
1729 2760 1826 2793 sonst
1839 2759 2002 2804 nirgends

1255 2799 1394 2880 istnmiien
1430 2799 1573 2842 Quellen
1608 2803 1706 2838 einen
1740 2803 2003 2851 Anhaltspunkt

1341 2856 1393 2881 en.
