2098 3432
0 974 4 983 “
0 949 14 964 ‹-
0 930 7 941 ι
0 909 2 912 ·
0 573 28 892 “ufsni-vrupvmmssffi
0 349 26 562 -ι-’ᾏζηψηι
7 315 28 342 ‘⁸13

1599 283 1679 323 191

106 396 317 440 Romanae
346 394 669 437 Teutonicorum
698 395 879 450 impetus
911 398 1113 449 tanquam
1136 394 1355 438 Cananeus
1387 396 1493 438 alter
1513 396 1682 438 relictus

106 455 170 496 est
197 454 241 495 in
271 454 498 503 aeternum,
543 454 592 493 ut
622 466 785 508 semper
816 453 867 494 ad
898 453 1171 495 eruditionem
1201 454 1336 508 ipsam
1366 453 1572 506 inquietet
1601 454 1684 495 vic-

105 513 256 565 tusque
297 512 472 560 corruat,
509 510 682 564 ipsaque
713 511 865 560 fortior,
905 511 1059 564 gratior
1096 513 1136 552 et
1167 511 1380 564 gloriosior
1411 511 1561 565 Sponsi
1590 511 1684 552 red-

105 568 228 611 datur
258 567 514 622 amplexibus
543 570 638 621 pcst
658 568 929 622 triumphum.
981 567 1048 610 Sic
1078 568 1129 609 ad
1161 569 1335 621 gloriam
1365 570 1544 622 patrum,
1575 570 1682 610 teste

63 626 66 627 ⁷
103 625 372 668 Lateranensi
402 625 577 679 palatio,
600 625 670 666 ubi
701 626 778 667 1106
806 625 849 666 111
869 625 1097 667 visibilibus
1128 625 1299 679 picturis
1331 630 1372 667 et
1402 626 1494 667 laici
1523 626 1683 679 legunt,

105 683 158 725 ad
187 683 361 737 gloriam
390 684 558 736 patrum
599 683 868 732 schismatici,
911 695 1013 736 quos
1052 683 1248 724 secularis
1284 686 1470 737 potestas
1500 683 1682 732 intrusit,

104 740 256 783 dantur
296 739 558 794 pontificibus
599 753 672 793 pro
711 740 899 790 scabello,
945 742 986 782 et
1027 753 1170 782 eorum
1210 740 1454 782 memoriam
1494 741 1683 782 recolunt

103 797 258 854 posteri
286 810 360 852 pro
391 797 659 851 triumpho.*)

217 855 366 896 Libera
382 854 534 896 debent
550 867 639 895 esse
656 855 817 904 iudicia,
840 856 882 896 et
903 854 1093 908 quisquis
1116 867 1164 896 ea
1182 854 1338 896 viribus
1354 854 1503 896 nititur
1518 856 1683 909 pertur-

103 912 210 963 bare,
231 912 451 967 capitalem
472 912 523 954 ab
547 911 728 965 antiquis
750 912 1114 954 constitutionibus
1137 915 1321 953 meretur
1341 924 1528 966 poenam.
1553 912 1681 954 Porro

103 969 379 1012 ecclesiastica
400 969 551 1011 debent
582 982 670 1011 esse
701 969 922 1019 liberrima,
953 971 995 1010 et
1025 969 1075 1011 de
1105 982 1317 1011 sacrorum
1338 981 1544 1011 canonum
1566 982 1683 1011 sanc-

103 1027 214 1070 tione
237 1026 345 1069 sicut
365 1027 508 1069 electio
529 1027 707 1081 pastoris
738 1030 802 1068 est
830 1027 873 1067 in
906 1027 1077 1068 ecclesia
1105 1027 1232 1068 libere
1264 1028 1306 1068 et
1336 1027 1423 1068 sine
1445 1027 1681 1068 mundanae

101 1085 322 1140 potestatis
343 1084 699 1139 prenominatione
720 1084 974 1134 celebranda,
1007 1085 1065 1126 sic
1096 1083 1242 1125 eadem
1274 1085 1317 1125 in
1339 1085 1511 1126 ecclesia
1533 1097 1556 1125 a
1576 1084 1682 1125 iudi-

102 1142 216 1184 cibus
260 1142 567 1191 ecclesiasticis,
613 1142 762 1183 amotis
809 1141 1063 1183 secularibus
1108 1141 1445 1194 terribilibusque
1484 1142 1681 1195 personis,

101 1199 329 1242 secundum
366 1200 532 1252 regulas
572 1199 869 1240 ecclesiasticas
907 1198 1180 1240 examinanda
1219 1200 1304 1247 est;
1349 1199 1546 1252 quicquid
1585 1211 1680 1241 vero

101 1258 243 1300 contra
261 1257 551 1311 praesumitur,
583 1257 625 1297 in
645 1256 812 1297 irritum
833 1256 1066 1298 devocatur.
1112 1257 1167 1297 At
1187 1256 1301 1305 haec,
1332 1257 1447 1298 velut
1470 1256 1512 1297 in
1533 1257 1681 1298 castris

102 1315 145 1356 et
172 1315 250 1356 sub
279 1314 426 1368 gladio,
457 1314 580 1355 minis
603 1316 644 1354 et
664 1313 890 1355 terroribus
912 1326 1006 1368 spes
1029 1314 1345 1355 examinationis
1368 1326 1392 1355 a
1413 1314 1683 1368 simplicibus,

102 1384 128 1414 a
155 1371 409 1414 meticulosis
439 1371 726 1413 fraudulenter
756 1373 798 1412 et
818 1372 1019 1413 violenter
1050 1372 1219 1422 extorta,
1250 1384 1274 1412 a
1295 1371 1457 1422 dolosis,
1488 1372 1680 1413 violentis

101 1432 143 1471 et
171 1429 387 1472 malitiosis
418 1430 561 1470 contra
598 1429 663 1470 ius
695 1430 736 1470 et
766 1428 828 1470 fas
858 1428 1128 1483 praecipitata
1150 1431 1224 1470 est.

185 1485 294 1539 Quid
315 1488 456 1528 tamen
473 1486 719 1540 inquisitum
739 1490 813 1536 est,
836 1486 935 1540 quid
951 1487 1173 1540 probatum
1186 1488 1207 1527 ⁶?
1237 1486 1386 1529 Uti-ius
1403 1486 1559 1528 scilicet
1575 1486 1680 1528 elec-

101 1546 239 1586 torum
254 1544 449 1586 canonica
465 1547 539 1585 aut
562 1543 700 1586 sanior
721 1545 831 1585 esset
848 1544 1003 1594 electio,
1024 1543 1122 1586 facti
1140 1543 1328 1597 quaestio
1345 1544 1623 1585 simulabatur
1640 1546 1680 1585 et

101 1601 212 1644 iuris.
247 1601 424 1643 Factum
442 1601 585 1655 itaque
605 1601 820 1644 voluntate
835 1601 976 1656 partis,
999 1614 1106 1655 quae
1122 1601 1238 1655 ponit
1265 1613 1432 1643 carnem
1464 1602 1680 1643 brachium

46 1688 50 1690 v
100 1671 235 1710 suum,
255 1660 513 1714 propositum
530 1660 593 1701 est
610 1660 652 1700 et
665 1659 899 1713 probatum.
929 1659 1159 1700 Probatum
1175 1660 1249 1708 est,
1266 1659 1450 1712 inquam,
1469 1659 1679 1701 Victorem

100 1717 235 1759 solum
264 1717 443 1759 electum
475 1729 499 1758 a
528 1716 690 1758 saniore
709 1720 828 1771 parte
859 1716 1142 1766 cardinalium,
1172 1716 1370 1771 petitione
1400 1716 1552 1770 populi,
1585 1729 1680 1758 con-

99 1785 224 1816 sensu
240 1777 282 1816 et
302 1774 503 1816 desiderio
525 1774 634 1824 cleri,
656 1775 697 1815 et
719 1774 958 1816 solemniter
978 1774 1261 1815 inmantatum
1270 1775 1296 1807 ει)
1319 1774 1502 1815 1063111111
1524 1786 1614 1816 6666
1635 1774 1678 1815 111

99 1831 195 1874 sede
201 1831 326 1882 Petri,
336 1834 553 1886 praesente
563 1831 765 1873 Rollando
779 1833 821 1873 et
830 1844 915 1874 non
923 1831 1239 1881 contradicente,
1255 1831 1383 1873 immo
1395 1831 1679 1874 consentiente

100 1891 142 1931 61
170 1890 257 1932 61116
289 1889 446 1931 clericis
474 1889 774 1944 praecipiente,
812 1891 861 1930 ut
891 1889 926 1931 ei
959 1889 1190 1939 obedirent,
1228 1901 1354 1942 quem
1383 1889 1427 1930 111
1457 1889 1553 1931 66(16
1585 1901 1681 1943 3Ρο-

99 1946 243 1989 6101163
261 1946 458 1989 videbant
479 1946 678 2002 pontificii
709 1946 941 2000 insignibus
973 1947 1224 1989 decoratum.
1268 1946 1360 1988 Hoc
1390 1959 1555 2000 quoque
1586 1960 1679 2001 pro-

98 2003 244 2046 batum
265 2005 340 2054 est,
371 2004 482 2058 quod
502 2004 743 2046 duodecimo
766 2003 831 2046 die
851 2006 946 2058 post
964 2004 1266 2059 promotionem
1286 2003 1464 2045 Victoris
1487 2016 1678 2057 egressus

100 2061 152 2104 ab
171 2062 272 2104 urbe
292 2061 524 2104 Rollandus
554 2074 681 2116 prope
702 2063 858 2103 terram
881 2061 1017 2103 Seculi
1048 2062 1091 2103 in
1111 2062 1199 2104 1060
1220 2074 1303 2104 11011
1324 2062 1474 2103 celebri
1495 2062 1680 2115 primum

98 2120 163 2160 est
199 2119 458 2161 inmantatus
468 2121 508 2160 ).
568 2121 632 2160 An
668 2131 751 2161 non
791 2119 1008 2174 inspexisti
1046 2119 1298 2174 probationis
1329 2118 1531 2160 modum?
1591 2119 1680 2161 Hoc

97 2175 207 2218 enim
226 2177 468 2219 iuraverunt
489 2176 669 2218 decanus
689 2176 882 2219 basilicae
912 2177 1056 2231 b(eati)
1077 2176 1192 2218 Petri
1223 2180 1266 2218 et
1299 2176 1379 2218 duo
1410 2176 1558 2218 fratres
1589 2177 1678 2218 eius

95 2233 140 2275 in
174 2246 351 2289 persona
386 2234 517 2276 totius
547 2234 739 2289 capituli,
779 2234 1022 2276 iuraverunt
1058 2237 1100 2276 et
1128 2234 1310 2288 religiosi
1356 2237 1535 2276 rectores
1581 2234 1678 2276 cleri

97 2290 296 2341 Romaim
340 2292 419 2334 hoc
446 2291 585 2346 ipsum
624 2291 858 2346 praefectus
896 2291 1051 2333 111-0161))
1094 2295 1136 2333 et
1175 2292 1244 2334 alii
1284 2292 1393 2333 cives
1431 2291 1568 2334 iurare
1609 2292 1680 2333 ob-

97 2348 295 2400 tulerunt,
315 2349 387 2391 sed
403 2350 648 2391 clericorum
666 2349 886 2391 dumtaxat
906 2353 1073 2415 recepta
1094 2352 1193 2391 sunt
1212 2349 1458 2400 iuramenta,
1482 2349 1679 2403 quoniam

96 2405 198 2477 11366
226 2406 365 2449 01111113
394 2407 681 2449 tractaverunt
709 2407 904 2449 manibus
935 2407 1034 2449 suis.

212 2492 247 2534 a)
275 2476 390 2527 Giles:
414 2491 662 2528 iumentatum.
712 2492 750 2538 b)
778 2491 895 2527 Giles:
921 2492 1049 2527 verbis.

214 2538 248 2582 *)
274 2537 363 2573 Eine
392 2539 554 2574 ahnliche
586 2539 808 2584 Auslassung
837 2539 948 2574 findet
978 2539 1052 2574 sich
1078 2539 1116 2574 111
1142 2539 1203 2574 der
1227 2541 1428 2584 genannten
1453 2550 1506 2585 ep.
1532 2550 1583 2575 nr.
1611 2542 1676 2574 48:

99 2583 213 2628 „Nam
237 2587 315 2621 tota
338 2586 428 2620 ferre
453 2586 600 2621 66616613
626 2551 808 2621 Romanag
809 2586 846 2621 in
870 2589 971 2632 parte
994 2586 1186 2621 Alexandri
1210 2588 1276 2622 est.
1320 2586 1530 2621 Incredibile
1559 2588 1675 2621 31116111

96 2634 168 2676 est,
203 2633 297 2687 quod
330 2644 412 2679 pars
445 2633 509 2668 illa
534 2633 646 2679 possit
672 2634 828 2668 obtinere
854 2636 890 2668 et
914 2634 1114 2680 praevalere
1138 2645 1201 2679 per
1225 2633 1419 2676 hominem,
1454 2634 1510 2668 cui
1535 2634 1676 2668 iustitia

97 2678 206 2723 deest,
230 2679 287 2715 cui
308 2680 480 2715 Dominus
506 2681 732 2717 adversatur.
771 2681 840 2716 Eos
867 2692 944 2716 vero
970 2681 1006 2715 in
1031 2681 1156 2715 humili
1182 2691 1266 2716 casu
1291 2680 1530 2726 praevaluisse
1555 2681 1677 2715 crebra

95 2707 278 2762 recoli’mus
313 2727 498 2771 relatione,
537 2739 623 2774 quos
659 2727 844 2763 Gallicana
879 2728 1011 2774 recepit
1041 2730 1078 2763 et
1114 2728 1201 2763 fovit
1238 2728 1404 2770 ecclesia,
1443 2729 1479 2762 et
1502 2728 1675 2762 infelicem

96 2773 228 2809 exitum
260 2785 396 2818 corum,
429 2786 516 2820 quos
549 2775 831 2810 Teutonicus
861 2775 1058 2821 impetus
1092 2775 1299 2810 introduxit.
1358 2775 1416 2809 Sic
1449 2775 1677 2810 obtinuerunt

96 2821 310 2867 temporibus
334 2822 465 2857 nostris
479 2821 704 2858 Innocentius
731 2823 897 2857 adversus
916 2823 1071 2865 Petrum,
1097 2822 1256 2858 Calixtus
1283 2822 1448 2856 adversus
1468 2822 1675 2865 Burdinum,

94 2866 259 2903 Urbanus
283 2869 449 2903 adversus
470 2869 679 2912 Wibertum‚
705 2870 888 2904 Paschalis
916 2869 1083 2904 adversus
1108 2872 1192 2913 tres,
1218 2868 1414 2912 Albertum,
1440 2869 1673 2914 Magnulfum,

95 2913 365 2960 Theodoricum,
397 2918 434 2951 et
465 2916 570 2951 multi
597 2916 761 2952 similiter
785 2917 823 2951 in
849 2917 972 2951 diebus
998 2919 1177 2963 patrumf‘
