2098 3432
477 283 557 323 106

586 393 646 433 De
668 393 928 434 electionibus
947 394 1110 446 quidem
1131 394 1189 434 ita
1208 394 1298 434 fiet:
1322 393 1464 434 Clerici
1484 394 1722 435 convenient
1736 394 1778 435 in
1793 406 2008 448 personam

474 450 661 490 idoneam
701 451 741 489 et
777 449 877 489 illud
917 449 1023 490 inter
1061 463 1102 490 se
1141 451 1341 490 secretum
1370 450 1597 499 habebunt,
1633 449 1760 491 donec
1793 462 2009 504 personam
2067 450 2071 451 ⁷

473 506 586 545 illam
617 505 874 545 excellentiae
903 507 1064 546 nostrae
1094 505 1374 559 pronuntient,
1415 507 1456 546 et
1483 507 1702 558 postquam
1730 518 1903 559 persona
1930 506 2009 547 cel-

475 561 641 601 situdini
679 562 841 601 nostrae
879 560 1001 602 fuerit
1035 561 1264 612 designata,
1301 561 1334 601 si
1363 573 1536 614 persona
1563 561 1633 602 illa
1662 561 1711 602 de
1739 561 2008 615 proditoribus

475 618 547 657 aut
574 616 747 656 inimicis
770 616 919 657 nostris
940 617 1002 657 vel
1023 617 1220 658 heredum
1239 618 1471 658 nostrorum
1490 629 1571 658 non
1599 617 1723 658 fuerit
1752 619 1824 658 aut
1850 617 2008 670 magni-

473 672 656 712 ficentiae
692 673 853 712 nostrae
888 685 969 713 non
1009 673 1186 714 extiterit
1222 673 1359 713 odiosa
1397 673 1460 713 vel
1498 673 1577 714 alia
1612 673 1655 713 in
1692 685 1740 714 ea
1777 685 1900 714 causa
1926 685 2008 714 non

472 728 604 776 fuerit,
634 741 704 780 pro
726 740 808 780 qua
835 741 915 768 non
947 728 1165 769 debeamus
1187 729 1393 777 assentire,
1425 741 1637 769 assensum
1655 729 2007 782 praestabimus.*)

583 784 766 824 Profecto
780 797 850 824 vos
860 784 974 825 nobis
986 786 1027 824 et
1035 785 1206 836 Rogerio
1217 784 1308 825 duci
1319 784 1399 825 filio
1410 785 1546 825 nostro
1563 786 1603 825 et
1617 785 1832 826 heredibus
1847 784 2010 834 nostris,

473 840 542 892 qui
562 840 602 880 in
623 853 795 892 regnum
823 852 896 892 pro
916 841 1144 881 voluntaria
1172 840 1420 881 ordinatione
1449 841 1589 881 nostra
1618 840 1895 889 successerint,
1915 852 2008 881 con-

474 896 623 936 cedetis
652 908 826 947 regnum
851 895 1021 945 Siciliae,
1051 896 1246 937 ducatum
1274 896 1444 949 Apuliae
1475 897 1516 936 et
1544 896 1816 949 principatum
1845 895 2007 949 Capuae

473 965 567 992 cum
597 952 784 992 omnibus
813 951 1066 1004 pertinentiis
1097 952 1192 1001 suis,
1223 952 1447 1005 Neapolim,
1479 951 1696 993 Salernum
1724 953 1766 993 et
1792 951 2008 992 Amalfiam

474 1020 567 1048 cum
603 1007 858 1060 pertinentiis
895 1008 998 1056 suis,
1038 1008 1232 1048 Marsiam
1263 1010 1304 1049 et
1333 1008 1412 1048 alia
1442 1020 1545 1059 quae
1579 1008 1688 1048 ultra
1715 1007 1910 1048 Marsiam
1939 1007 2008 1048 de-

473 1064 615 1104 bemus
645 1064 792 1104 habere
823 1066 864 1104 et
891 1064 1049 1115 reliqua
1078 1064 1320 1112 tenimenta,
1352 1076 1455 1116 quae
1485 1065 1693 1113 tenemus,
1723 1076 1748 1104 a
1775 1063 2008 1117 praedeces-

475 1120 630 1160 soribus
650 1119 811 1168 nostris,
832 1119 1062 1160 hominibus
1084 1122 1361 1161 sacrosanctae
1382 1120 1590 1160 Romanae
1612 1119 1813 1169 eeclesiae,
1831 1119 1919 1160 iure
1939 1118 2008 1160 de-

473 1177 597 1223 tenta,
628 1177 669 1216 et
689 1178 828 1216 contra
847 1188 986 1216 omnes
1006 1175 1189 1216 homines
1221 1175 1461 1216 adiuvabitis
1491 1175 1704 1216 honorifice
1732 1176 2007 1216 manutenere.

585 1231 663 1271 Pro
685 1232 831 1283 quibus
852 1232 1038 1272 omnibus
1060 1232 1170 1272 vobis
1191 1232 1415 1284 vestrisque
1446 1231 1744 1272 successoribus
1773 1232 1816 1272 et
1843 1231 2006 1272 sanctae

473 1288 680 1327 Romanae
702 1287 893 1328 ecclesiae
913 1287 1151 1328 fidelitatem
1171 1288 1393 1328 iuravimus
1415 1289 1455 1328 et
1474 1287 1586 1328 vobis
1610 1287 1754 1339 ligium
1781 1286 2008 1328 hominium

473 1343 653 1391 fecimus,
682 1343 787 1384 sicut
807 1343 1035 1384 continetur
1054 1343 1094 1384 111
1117 1344 1273 1384 (111011118
1294 1343 1493 1384 similibus
1515 1343 1814 1396 capitularibus,
1834 1355 2008 1395 quorum

473 1400 648 1439 alterum
676 1411 800 1452 penes
830 1401 1007 1440 vestram
1037 1399 1294 1440 maiestatem
1325 1400 1455 1452 sigillo
1485 1400 1622 1440 nostro
1654 1411 1793 1448 aureo,
1831 1399 2006 1440 alterum

469 1467 563 1496 vero
594 1455 724 1506 sigillo
757 1457 890 1495 vestro
921 1455 1128 1507 signatum
1158 1468 1279 1508 penes
1310 1468 1383 1496 nos
1412 1455 1595 1496 habetur.
1642 1455 1696 1495 Et
1723 1467 1892 1496 censum
1921 1466 2008 1495 sex-

472 1512 682 1552 centorum
718 1511 981 1551 schifatorum
1011 1511 1059 1551 de
1089 1511 1236 1564 Apulia
1266 1513 1307 1552 et
1335 1511 1539 1559 Calabria,
1571 1510 1886 1563 quingentorum
1914 1522 2006 1551 vero

473 1567 521 1607 de
551 1567 719 1616 Marsia,
759 1568 821 1607 vel
860 1567 1118 1619 aequivalens
1159 1567 1200 1607 in
1239 1580 1337 1608 auro
1372 1568 1435 1608 vel
1474 1568 1640 1618 argento
1669 1579 1742 1607 nos
1773 1578 1819 1607 ac
1847 1567 2006 1608 nostros

471 1623 639 1663 heredes
670 1623 877 1664 Romanae
919 1623 1148 1675 [ecclesiae]
1189 1623 1409 1664 statuimus
1448 1622 1563 1663 annis
1594 1622 1764 1675 singulis
1793 1622 2007 1671 soluturos,

471 1679 549 1719 nisi
570 1679 671 1719 forte
691 1679 1030 1732 impedimentum
1052 1679 1214 1731 aliquod
1234 1679 1517 1727 intercesserit,
1548 1691 1627 1731 quo
1648 1679 1832 1719 cessante
1861 1690 2006 1719 census

473 1747 521 1775 ex
558 1735 715 1787 integro
750 1736 1013 1787 persolvetur.
1073 1734 1221 1776 Omnia
1248 1748 1341 1776 vero
1370 1735 1596 1788 praedicta,
1637 1746 1740 1786 quae
1769 1734 1885 1775 nobis
1914 1746 2008 1774 con-

471 1791 668 1839 cessistis,
707 1791 812 1832 sicut
850 1791 981 1839 nobis,
1020 1791 1079 1831 ita
1115 1791 1239 1832 etiam
1279 1793 1320 1832 et
1348 1791 1564 1832 heredibus
1591 1790 1740 1831 nostris
1769 1789 2006 1838 concedetis,

473 1860 573 1899 quos
613 1848 723 1899 [pro]
763 1847 991 1887 voluntaria
1029 1847 1278 1888 ordinatione
1307 1849 1447 1888 nostra
1476 1845 1760 1895 statuerimus,
1802 1845 1872 1898 qui
1901 1845 2008 1886 sicut

470 1915 544 1943 nos
583 1903 693 1943 vobis
732 1903 957 1955 vestrisque
996 1903 1297 1944 successoribus
1337 1904 1378 1944 et
1416 1903 1605 1943 ecclesiae
1634 1902 1842 1943 Romanae
1880 1901 2008 1942 fideli-

472 1960 600 1999 tatem
630 1959 760 1999 facere
791 1960 832 1999 et
861 1971 966 2011 quae
994 1959 1242 2012 praescripta
1271 1961 1379 2008 sunt,
1408 1959 1609 2000 voluerint
1637 1958 1859 1999 observare.

584 2015 643 2056 Ut
663 2017 812 2062 autem,
842 2027 945 2066 quae
967 2015 1199 2068 supradicta
1219 2017 1326 2063 sunt,
1356 2017 1442 2055 tam
1462 2015 1596 2055 vestro
1626 2026 1751 2066 quam
1779 2013 2008 2055 vestrorum

473 2083 752 2112 successorum
772 2072 953 2124 tempore
974 2072 1213 2124 perpetuam
1233 2071 1443 2112 obtineant
1471 2070 1707 2111 firmitatem
1727 2071 1769 2111 et
1787 2081 1838 2110 ne
1857 2068 2006 2110 nostris

594 2171 624 2211 *1
650 2172 722 2205 Das
755 2172 830 2205 hier
862 2172 941 2206 sehr
970 2172 1150 2215 allgemein
1180 2172 1361 2215 gehaltene
1395 2172 1588 2215 konigliche
1620 2170 1930 2216 Einspruchsrecht
1959 2170 2008 2204 181

473 2219 588 2260 81111101·
621 2229 660 2250 zu
687 2217 842 2252 Gunsten
877 2218 936 2252 der
959 2218 1145 2251 Wahlfreit
1178 2218 1238 2251 der
1261 2218 1400 2262 Kapitel
1433 2218 1642 2252 beschrankt
1671 2217 1817 2251 worden.
1863 2215 1906 2250 In
1930 2215 2006 2250 dem

472 2274 546 2296 vom
565 2263 787 2307 Gegenkenig
799 2264 957 2298 Tankred
974 2264 1039 2297 mit
1054 2264 1162 2308 Papst
1178 2264 1328 2298 Colestin
1346 2264 1410 2298 ΙΙΙ.
1427 2266 1510 2298 1191
1530 2263 1790 2307 geschlossenen
1806 2261 2008 2296 Konkordat

473 2310 587 2343 wurde
611 2309 790 2343 bestimmt
815 2310 1021 2351 (Watterich
1047 2321 1076 2343 a.
1103 2321 1132 2344 a.
1159 2309 1198 2344 O.
1224 2310 1270 2352 II,
1296 2310 1398 2352 722):
1424 2309 1475 2343 De
1499 2309 1722 2344 electionibus
1746 2309 1782 2342 in
1806 2309 1879 2342 toto
1902 2318 2006 2351 regno

472 2354 577 2389 libere
601 2355 782 2397 faciendis,
815 2356 866 2389 ita
891 2356 981 2399 quod
1006 2356 1097 2389 facta
1121 2356 1241 2390 electio
1265 2357 1502 2400 praesentetur
1525 2355 1621 2399 regi,
1655 2355 1709 2388 cui
1733 2365 1791 2388 rex
1815 2353 2008 2399 praestabit

473 2411 667 2443 assensum,
693 2402 782 2435 nisi
808 2402 981 2436 electus
1006 2404 1130 2435 esset
1155 2402 1204 2435 de
1228 2401 1543 2446 proditoribus
1568 2401 1632 2435 vel
1657 2400 1781 2435 notis
1805 2399 2006 2434 inimicis

472 2450 513 2480 et
544 2448 663 2481 tales
697 2448 840 2481 dictus
875 2459 987 2492 papa
1021 2447 1074 2481 ad
1107 2448 1237 2491 regis
1268 2447 1540 2481 instantiam
1574 2446 1848 2492 reprobabit.
1907 2445 2006 2479 Noch

473 2493 607 2527 weitere
622 2493 872 2527 Konzessionen
897 2505 937 2527 zu
964 2493 1118 2527 Gunsten
1145 2493 1205 2527 (101·
1220 2493 1462 2527 Wahlfreiheit
1486 2493 1640 2537 erlangte
1665 2493 1831 2527 Innocenz
1852 2491 1918 2526 111.
1942 2502 2007 2525 von

474 2539 534 2572 der
557 2539 715 2573 Kaiserin
741 2539 936 2573 Konstanze
965 2543 1070 2574 1198:
1113 2539 1199 2573 Sede
1231 2541 1374 2573 vacante
1406 2539 1594 2584 capitulum
1619 2538 1830 2582 significabit
1852 2537 1948 2571 vobis
1971 2538 2008 2571 et

473 2585 596 2619 vestris
630 2585 835 2619 haeredibus
868 2586 999 2619 abitum
1034 2585 1229 2619 decessoris.
1278 2585 1410 2618 Deinde
1443 2585 1679 2619 convenientes
1708 2584 1744 2618 in
1775 2594 1881 2618 unum
1911 2609 1920 2618 .
1952 2609 1960 2618 .

473 2631 602 2675 eligent
625 2632 785 2666 canonice
801 2642 979 2676 personam
1004 2631 1171 2673 idoneam,
1197 2631 1251 2664 0111
1276 2631 1479 2675 requisitum
1505 2642 1525 2664 a
1548 2630 1644 2664 vobis
1667 2631 1827 2675 praebere
1851 2629 2006 2664 debeatis

473 2688 660 2719 assensum,
677 2679 712 2711 et
728 2678 926 2711 electionem
943 2678 1069 2711 factam
1087 2689 1152 2711 non
1170 2677 1329 2711 different
1344 2677 1528 2721 publicare.
1561 2676 1770 2710 Electionem
1786 2686 1863 2710 vero
1879 2675 2006 2709 factam

472 2725 508 2756 et
531 2724 741 2768 publicatam
768 2723 1021 2757 denuntiabunt
1046 2723 1141 2757 vobis
1165 2725 1201 2756 et
1227 2724 1377 2756 vestrum
1402 2723 1577 2767 requirent
1599 2733 1785 2757 assensum.
1823 2721 1889 2755 Sed
1913 2722 2007 2755 ante-

473 2781 575 2813 quam
593 2780 752 2803 assensus
769 2770 883 2812 regius
902 2770 1108 2813 requiratur,
1133 2780 1199 2802 non
1216 2769 1466 2802 inthronicetur
1480 2769 1608 2802 electus
1634 2796 1641 2803 .
1669 2795 1676 2803 .
1704 2795 1712 2803 .
1737 2779 1798 2802 nec
1822 2769 2006 2812 antequam

474 2816 680 2849 auctoritate
703 2815 893 2860 pontificali
917 2815 1021 2848 fuerit
1045 2815 1279 2857 confirmatus,
1306 2814 1598 2848 administrationi
1622 2825 1658 2848 se
1681 2813 1855 2848 ullatenus
1878 2813 2007 2847 immis-

474 2861 565 2896 cebit
577 2862 652 2908 (Ep.
670 2861 823 2897 1nn.111.
841 2861 885 2896 ad
898 2861 1013 2897 Const.
1031 2861 1060 2905 Ι,
1077 2864 1141 2895 411
1155 2875 1163 2904 ;
1179 2861 1297 2904 Migne
1313 2861 1340 2904 I,
1358 2863 1455 2904 389).
1479 2860 1668 2894 Hinschius
1684 2871 1714 2895 a.
1732 2870 1762 2895 a.
1780 2859 1819 2895 Ο.
1834 2859 1881 2902 11,
1899 2861 1965 2894 594
1981 2858 2004 2894 f.
