2098 3432
449 297 528 336 156

443 417 560 450 regum
593 406 628 439 in
653 416 756 439 unum
781 405 1067 448 congregandum.
1093 433 1100 440 .
1128 433 1134 439 .
1162 433 1169 440 .
1203 405 1267 439 Est
1293 405 1419 439 etenim
1444 405 1641 439 scandalum
1666 406 1816 440 eiusdem
1849 406 1980 451 conspi-

444 452 587 486 rationis
612 463 671 485 seu
695 451 797 484 fictae
821 462 879 485 seu
903 451 1015 485 factae
1049 453 1186 485 tantum
1211 462 1250 485 ae
1273 451 1363 493 tale,
1387 453 1428 484 ut
1451 462 1512 485 nec
1535 462 1652 485 secure
1675 462 1696 485 a
1720 451 1879 486 fidelibus
1903 463 1979 486 con-

444 497 549 532 temni
583 508 645 531 nec
669 497 797 541 absque
830 497 971 531 001101110
995 496 1146 540 generali
1178 497 1254 531 tolli
1287 496 1329 530 de
1352 496 1464 530 medio
1497 508 1595 541 posse
1619 496 1788 532 videntur.
1835 497 1926 532 Nam
1951 497 1982 532 si

444 544 479 577 id
504 543 567 577 soli
593 543 722 577 inimici
752 544 787 576 et
811 542 998 576 adversarii
1021 542 1209 576 Alexandri
1241 543 1393 576 dicerent
1417 544 1453 576 et
1475 543 1561 587 ipsi,
1586 544 1705 576 contra
1735 554 1819 588 quos
1844 543 1981 586 dicitur,

444 591 546 634 prout
569 591 778 634 oportuerat,
805 589 1001 622 solemniter
1025 591 1191 632 negarent
1216 591 1277 622 aut
1292 591 1383 622 certe
1399 589 1528 622 factum
1553 599 1651 622 suum
1666 588 1894 623 iustificarent
1909 591 1982 632 aut,

444 635 534 680 quod
558 634 738 668 iustificari
771 645 838 668 non
870 636 1001 679 posset,
1027 636 1202 668 mutarent
1233 645 1335 679 seque
1366 635 1408 668 ab
1442 634 1595 668 amicitia
1629 634 1735 668 Siculi
1760 635 1796 669 et
1818 634 1983 670 Mediola-

444 681 617 723 nensium,
656 681 780 725 quibus
816 683 935 714 contra
970 680 1149 725 imperium
1186 691 1246 714 seu
1282 682 1402 714 contra
1437 680 1748 714 collaudamentum
1784 681 1832 715 im
1875 681 1983 715 ratori

445 728 572 760 factum
609 726 774 760 foederati
810 726 988 768 dicuntur,
1024 726 1124 770 longe
1160 726 1325 768 facerent,
1362 726 1532 760 contemni
1567 727 1708 771 possent
1743 737 1783 760 ac
1843 727 1983 761 eberent

445 773 685 806 maledicorum
721 772 912 806 calumniae
946 772 987 805 de
1019 772 1204 806 simoniaca
1237 772 1299 805 illa
1331 771 1590 816 conspiratione.
1638 771 1740 806 Nunc
1769 782 1868 815 vero,
1893 772 1984 807 sicut

443 819 634 852 Adrianum
671 829 795 863 papam
826 829 902 851 cum
936 817 1049 852 Siculo
1081 819 1201 852 contra
1234 818 1545 852 collaudamentum
1581 818 1779 862 imperatori
1814 818 1849 852 in
1882 818 1983 852 verbo

444 865 580 898 Domini
617 864 746 898 factum
783 864 972 898 certissime
1007 865 1127 897 notum
1163 866 1217 898 est
1250 875 1323 898 esse
1359 863 1589 906 foederatum,
1627 874 1693 908 quo
1728 863 1815 898 inito
1850 863 1983 898 foedere

443 911 603 944 continuo
636 922 703 944 non
737 910 810 944 sine
843 909 1055 952 interventu,
1081 911 1122 943 ut
1146 909 1266 944 dicunt
1279 937 1287 952 ‚
1311 909 1473 954 pecuniae
1497 909 1655 944 inventae
1687 911 1769 944 sunt
1792 909 1984 944 occasiones

443 956 756 990 excommunicandi
781 956 942 990 domnum
967 956 1223 1000 imperatorem,
1258 967 1368 1000 quae
1395 966 1416 988 u
1426 955 1549 1000 tique
1576 955 1984 990 excommunicatio

444 1003 489 1036 in
529 1003 746 1036 effectum
785 1002 1120 1046 processisset,
1157 1002 1249 1035 nisi
1290 1002 1530 1035 intentata
1570 1001 1806 1035 sententia
1842 1003 1984 1036 morte

443 1048 659 1082 Adriani
693 1048 987 1092 intercepta
1018 1048 1230 1088 fuisset,
1264 1048 1336 1092 ipso
1370 1049 1485 1081 tamen
1509 1047 1714 1092 imperatore
1745 1049 1867 1092 parato
1891 1048 1984 1082 stare

443 1095 486 1128 ad
512 1105 644 1128 omnem
668 1094 839 1128 iustitiam
865 1093 934 1127 sive
959 1105 998 1128 ex
1023 1093 1148 1127 iudicio
1172 1094 1364 1138 principum
1389 1093 1549 1127 ecclesiae
1573 1095 1610 1127 et
1631 1093 1728 1137 regni
1751 1093 1821 1128 sive
1844 1103 1883 1128 ex
1907 1103 1987 1128 con-

446 1141 521 1174 silio
539 1151 723 1185 paucorum
738 1151 777 1174 ex
794 1140 921 1184 placito
945 1139 1120 1173 hincinde
1143 1140 1395 1173 nominatorum
1420 1141 1455 1173 et
1479 1139 1679 1180 electorum;
1707 1139 1807 1182 sicut,
1832 1139 1984 1184 inquam,

446 1187 508 1220 sub
533 1187 686 1220 Adriano
722 1197 812 1230 papa
836 1186 954 1219 foedus
991 1197 1067 1219 cum
1100 1185 1258 1219 hostibus
1293 1185 1427 1230 imperii
1461 1185 1586 1219 initum
1616 1187 1652 1219 et
1684 1185 1986 1220 excommunicatio

442 1233 563 1266 domno
578 1232 774 1277 imperatori
791 1232 965 1265 intentata
981 1233 1052 1265 est:
1071 1231 1121 1265 sic
1138 1231 1279 1266 eandem
1297 1231 1676 1265 excommunicationem
1693 1231 1851 1276 idemque
1865 1230 1986 1266 foedus

442 1279 517 1319 iste,
541 1278 735 1312 Alexander
760 1278 959 1322 dico‘papa,
985 1288 1062 1311 cum
1086 1277 1212 1311 eisdem
1238 1277 1481 1319 cardinalibus,
1506 1277 1564 1322 qui
1581 1277 1733 1311 eiusdem
1748 1276 1882 1311 consilii
1902 1278 1986 1311 tunc

443 1324 626 1369 participes
651 1324 757 1358 fuisse
789 1323 961 1365 dicuntur,
990 1325 1244 1368 perseveranter
1268 1325 1396 1358 tenent.
1419 1343 1458 1348 «-
1484 1323 1632 1364 Ibidem,
1658 1323 1830 1357 Praefatio
1854 1323 1891 1357 ΙΙ
1915 1323 1986 1368 (ge-

442 1370 619 1404 schrieben
644 1370 732 1404 nach
750 1370 810 1404 der
826 1370 873 1403 im
886 1369 1043 1413 Ansange
1061 1370 1120 1403 des
1131 1369 1155 1403 J
1156 1369 1256 1403 ahres
1273 1372 1360 1404 1163
1379 1381 1441 1403 von
1458 1369 1565 1403 seiten
1584 1369 1644 1403 der
1655 1368 1902 1403 Alexandriner
1927 1369 1985 1403 ab—

441 1417 635 1460 gegebenen
661 1416 874 1459 Erklarung,
909 1415 981 1449 sich
1016 1427 1079 1449 von
1106 1415 1165 1449 der
1188 1415 1345 1459 Anklage
1375 1415 1467 1449 einer
1490 1415 1762 1458 Verschworung
1793 1414 1899 1448 wider
1923 1414 1986 1448 das

444 1463 549 1496 Reich
577 1474 617 1496 zu
646 1462 820 1505 reinigen3
857 1461 949 1495 diese
973 1461 1260 1505 Rechtfertigung
1284 1461 1332 1495 ist
1359 1461 1491 1495 freilieh
1508 1461 1740 1495 thatsachlich
1765 1461 1820 1495 nie
1835 1460 1984 1504 erfolgt):

442 1508 526 1542 Cum
550 1508 676 1542 librum
701 1507 792 1541 hunc
815 1507 962 1552 primum
987 1507 1263 1550 investigationis
1287 1507 1484 1541 antichristi
1509 1507 1691 1541 scriberem
1713 1509 1751 1541 et
1772 1517 1889 1541 recens
1913 1506 1982 1540 iam

442 1554 591 1588 schisma
630 1554 672 1588 (10
696 1553 911 1588 contentione
943 1555 1090 1598 papatus
1115 1553 1300 1587 Alexandri
1326 1555 1428 1597 atque
1454 1552 1645 1594 Octaviani,
1687 1563 1787 1598 quem
1809 1551 1980 1586 Victorem

442 1600 571 1643 dicunt,
596 1601 742 1634 ferveret
758 1627 766 1634 .
785 1627 793 1634 .
812 1627 832 1641 .‚
858 1610 924 1633 non
950 1599 1036 1633 satis
1061 1599 1146 1633 mihi
1171 1599 1296 1633 claruit
1321 1599 1372 1633 vel
1396 1599 1530 1644 puritas
1543 1598 1718 1633 electionis
1733 1598 1984 1633 ecclesiasticae

440 1646 474 1682 in
499 1645 733 1680 Alexandrum
765 1646 876 1679 factae
901 1645 952 1679 vel
986 1645 1143 1690 pervicax
1171 1645 1402 1690 praesumptio
1439 1644 1550 1690 partis
1574 1644 1783 1679 Octavianae
1808 1671 1815 1680 .
1843 1671 1852 1679 .
1877 1671 1885 1679 .
1934 1644 1984 1678 At

442 1703 540 1735 nunc,
566 1694 746 1737 postquam
764 1691 1016 1726 mendaciorum
1041 1691 1196 1733 nebulae,
1221 1693 1339 1725 contra
1363 1691 1560 1725 canonicam
1586 1690 1783 1725 electionem
1797 1690 1983 1724 Alexandri

441 1738 623 1781 confictae,
649 1740 831 1781 coeperunt
855 1748 1034 1780 rarescere,
1071 1737 1155 1782 ipsis
1187 1737 1291 1771 etiam
1324 1737 1531 1781 negantibus
1568 1748 1607 1770 ac
1643 1737 1827 1771 solenniter
1861 1747 1985 1780 negare

444 1785 588 1829 paratis,
613 1795 700 1829 quae
725 1786 843 1818 contra
867 1783 1046 1828 imperium
1063 1783 1227 1826 sacrilege
1252 1783 1463 1828 conspirasse
1484 1783 1685 1817 diceba-ntur
1701 1809 1709 1817 .
1729 1810 1736 1818 .
1755 1809 1775 1825 .‚
1799 1783 1869 1816 iam
1892 1782 1986 1816 ultra

441 1831 623 1864 dubitandi
647 1831 741 1864 locus
765 1842 831 1864 non
856 1831 920 1872 est,
946 1830 1027 1874 quin
1051 1829 1082 1863 is
1107 1841 1166 1874 pro
1189 1841 1278 1874 papa
1301 1829 1455 1873 legitimo
1479 1829 1658 1872 habeatur,
1683 1839 1783 1873 quem
1806 1830 1843 1863 et
1862 1827 1982 1863 electio

441 1877 604 1911 canonica
638 1879 673 1910 et
705 1876 913 1910 consecratio
950 1887 1064 1910 eorum
1098 1876 1296 1920 pontificum
1334 1876 1373 1917 in,
1405 1875 1518 1909 sedem
1555 1875 1647 1909 beati
1671 1875 1766 1909 Petri
1802 1874 1982 1919 promovit,

441 1934 583 1967 quorum
620 1923 655 1956 id
689 1922 772 1956 iuris
795 1922 901 1956 fuisse
925 1922 1087 1966 antiquae
1111 1922 1284 1955 Romanae
1308 1921 1470 1955 ecclesiae
1507 1921 1603 1955 iuxta
1626 1931 1752 1955 morem
1787 1921 1912 1966 probat
1933 1920 1984 1954 in-

439 1969 588 2003 stitutio.
614 1969 707 2013 (Vgl.
734 1969 822 2002 auch
847 1968 902 2002 die
926 1968 988 2013 Ep.
1015 1968 1070 2003 ad.
1095 1968 1187 2002 card.
1215 1968 1256 2002 (10
1283 1967 1420 2002 schism.
1446 1967 1498 2002 ed.
1523 1967 1784 2009 Miihlbacherl)

557 2014 746 2049 Chronicon
772 2014 1004 2059 Urspergense
1030 2014 1091 2058 (M.
1118 2013 1159 2048 G.
1185 2013 1244 2048 SS.
1267 2013 1399 2054 XXIII,
1425 2016 1492 2048 350
1519 2013 1590 2056 ff.):
1624 2012 1674 2047 Eo
1698 2014 1848 2058 tempore
1879 2011 1983 2056 (wah—

441 2061 523 2095 rend
550 2061 610 2095 der
633 2061 850 2104 Belagerung
874 2071 938 2094 von
963 2059 1096 2104 Crema)
1137 2059 1344 2104 conspiratio
1380 2060 1472 2093 facta
1496 2061 1550 2093 est
1573 2061 1692 2093 contra
1727 2058 1982 2104 imperatorem,

441 2109 486 2141 ut
509 2107 676 2141 asserit
709 2106 890 2151 quidam
931 2106 1132 2150 scriptor
1168 2106 1477 2141 Cremonensis
1512 2105 1700 2148 (Johannes
1737 2117 1767 2140 v.
1805 2104 1982 2147 Cremona,

441 2153 561 2187 dessen
587 2152 883 2187 Geschichtswerk
907 2152 960 2186 bis
985 2152 1073 2195 jetzt
1086 2152 1293 2186 versehollen
1319 2151 1391 2195 ist),
1417 2152 1459 2186 de
1483 2151 1579 2185 cuius
1603 2151 1751 2185 editione
1774 2151 1870 2193 haec,
1897 2161 1984 2196 quae

440 2210 630 2241 narramus,
656 2199 893 2243 excerpsimus.
944 2198 1039 2232 Idem
1077 2209 1209 2242 quoque
1246 2198 1392 2242 scriptor
1428 2199 1588 2239 testatur,
1625 2197 1709 2231 haec
1741 2208 1776 2231 se
1801 2196 1938 2231 audisse
1962 2206 1984 2230 a

444 2245 526 2279 viris
551 2244 804 2290 probatissimis
842 2246 877 2278 et
901 2244 1129 2278 veracissimis
1166 2246 1202 2278 01
1226 2244 1324 2278 valdo
1359 2243 1528 2287 religiosis
1564 2242 1983 2277 Mediolanensibus

440 2293 484 2325 et
507 2291 767 2325 Brixiensib
780 2302 849 2332 us,
889 2291 947 2335 qui
984 2301 1019 2324 se
1044 2290 1123 2323 huic
1146 2290 1390 2335 conspirationi
1413 2290 1609 2323 interfuisse
1634 2289 1802 2324 dixerunt.
1850 2289 1891 2323 In
1915 2299 1984 2334 qua

441 2337 693 2382 conspiratione
729 2348 765 2371 se
802 2336 1036 2370 astrinxerunt
1072 2336 1221 2370 maxima
1256 2347 1336 2380 pars
1373 2335 1599 2370 cardinalium
1637 2335 1727 2369 sedis
1765 2334 1982 2380 apostolicae,

440 2383 712 2418 Wilhelmus
737 2393 906 2427 quoque
941 2393 1011 2416 rex
1048 2381 1235 2416 Siciliae
1271 2384 1307 2416 et
1343 2393 1427 2426 pene
1464 2381 1640 2415 universae
1676 2381 1835 2415 civitates
1858 2380 1983 2416 Italiae

439 2441 516 2464 011111
540 2429 660 2463 multis
683 2428 869 2462 baronibus
905 2430 941 2462 et
973 2428 1055 2462 viris
1095 2428 1303 2472 potentibus.
1356 2427 1515 2472 Dataquc
1554 2429 1608 2462 est
1644 2427 1810 2461 immensa
1840 2426 1984 2472 pecunia

440 2476 575 2510 domino
599 2475 752 2509 Adriano
786 2485 912 2519 papae,
950 2477 991 2508 ut
1025 2474 1098 2519 ipsc
1129 2474 1366 2519 imperatorem
1405 2473 1711 2507 excommunicaret
1738 2500 1746 2508 .
1772 2499 1778 2506 .
1807 2500 1815 2508 .
1863 2473 1983 2508 Refert

440 2522 660 2567 supradictus
686 2522 832 2565 scriptor
857 2520 1102 2561 Cremonensis,
1137 2520 1296 2554 videlicet
1331 2519 1505 2554 ,Iohannes
1530 2519 1700 2562 sacerdos,
1740 2518 1830 2564 quod
1865 2529 1983 2564 supra—

441 2568 544 2602 dictis
568 2567 774 2601 testimoniis
798 2567 962 2601 bonorum
986 2566 1134 2600 virorum
1159 2566 1329 2608 didicerit,
1356 2566 1415 2610 (1111
1440 2565 1680 2608 interfuerunt,
1706 2565 1797 2610 quod
1821 2564 1884 2599 illa
1906 2575 1983 2599 con·

441 2614 583 2659 spiratio
620 2624 697 2647 cum
730 2613 916 2658 apostolico
940 2612 1093 2646 Adriano
1118 2612 1321 2646 iuramentis
1357 2612 1440 2645 adeo
1463 2611 1602 2645 firmata
1627 2611 1684 2653 sit,
1722 2613 1763 2645 ut
1787 2611 1902 2645 nullus
1938 2611 1982 2646 ab

441 2661 548 2694 altero
572 2659 726 2694 recedere
751 2661 866 2704 posset
890 2659 943 2693 vel
968 2658 1183 2703 imperatoris
1196 2658 1346 2701 gratiam
1373 2658 1445 2691 sine
1458 2658 1608 2691 omnium
1623 2668 1788 2691 consensu
1801 2657 1981 2710 requirere,

440 2706 541 2751 quod,
567 2707 597 2740 si
620 2707 776 2739 mortuus
799 2707 892 2739 esset
915 2715 1006 2750 papa
1030 2705 1100 2748 ille,
1138 2704 1179 2738 de
1202 2715 1342 2738 numero
1367 2703 1638 2748 conspiratorum
1675 2703 1780 2738 alium
1816 2703 1983 2748 eligerent

440 2752 642 2786 cardinales.
1696 2781 1700 2789 ,

555 2798 706 2832 Annales
746 2797 1019 2831 Mediolanenses
1059 2795 1253 2840 s,‚Libellus
1289 2795 1455 2830 tristitiae
1502 2798 1537 2830 et
1571 2795 1720 2830 doloris“
1762 2794 1810 2830 M.
1844 2793 1886 2830 G.
1921 2793 1981 2830 SS.

438 2844 568 2888 XVIII,
595 2846 701 2887 368):
727 2843 793 2878 Sed
817 2843 956 2878 interim
981 2843 1062 2877 dum
1086 2842 1301 2877 obsideretur
1325 2841 1456 2885 Crema,
1489 2842 1760 2876 Mediolanenses
1783 2841 1983 2875 iuraverunt
