2098 3432
426 310 479 351 68
1382 341 1386 344 Α

572 418 678 473 XXV.
713 418 798 472 Zur
831 417 1089 483 Kiinigswahl
1123 415 1352 471 Friedriths
1386 415 1435 478 1.,
1468 415 1507 470 4.
1542 416 1653 470 Μέἰη
1686 414 1844 482 1152.*)

550 494 649 538 [Otto
674 494 761 528 Fris.
789 493 896 528 Gesta
919 494 955 536 I,
990 505 1018 528 c.
1045 496 1108 527 70:
1142 493 1347 537 (Conradus)
1372 493 1525 537 proxima
1550 504 1570 526 a
1594 504 1633 526 ca
1658 493 1705 527 ite
1730 492 1848 527 ieiunii
1873 493 1969 526 sexta

425 542 522 584 feria,
547 541 584 574 id
608 542 662 574 est
689 544 739 575 15.
766 540 843 574 Kal.
869 540 1002 582 Marcii,
1027 539 1134 573 vitam
1158 539 1288 581 finivit,
1312 538 1487 582 regalia
1511 539 1609 572 duci
1650 539 1869 573 *riderico
1893 548 1968 572 cum

429 588 527 621 unico
555 598 614 620 suo
639 587 722 620 item
747 586 920 620 Friderico
954 585 1272 620 commendans.
1321 585 1407 618 Erat
1430 585 1519 618 enim
1544 586 1721 629 tamquam
1746 585 1798 618 vir
1821 583 1971 630 prudens

432 634 472 668 de
497 633 568 666 filio
594 644 654 666 suo
680 633 792 666 adhuc
816 633 975 677 parvulo,
1001 642 1043 665 ne
1069 632 1104 665 in
1128 643 1242 675 regem
1267 631 1530 673 sublimaretur,
1556 630 1654 675 quasi
1679 631 1897 683 desperatum
1921 629 1972 664 id-

427 681 515 714 circo
548 681 583 713 et
615 679 770 724 privatae
802 680 837 712 ct
861 679 910 712 rei
934 678 1091 723 publicae
1115 678 1237 711 melius
1262 678 1476 722 profuturum
1500 677 1694 718 iudicabat,
1727 688 1756 710 sl
1786 677 1816 711 is
1840 675 1968 722 potius,

429 726 487 770 qui
503 725 621 759 fratris
647 725 700 758 sui
725 725 816 758 filius
843 726 928 766 erat,
953 725 994 758 ob
1020 724 1131 757 multa
1154 723 1320 757 virtutum
1346 734 1485 756 suarum
1511 723 1604 756 clara
1627 723 1779 757 facinora
1805 722 1871 757 sibi
1896 732 1970 756 suc-

429 772 574 806 cederet.
599 771 652 813 II,
687 782 715 805 c.
745 774 782 804 1:
822 771 885 805 ΙΙΙ,
913 770 1063 804 Nonas
1093 770 1246 803 Martii
1271 772 1318 812 (5.
1343 769 1471 811 Mam),
1506 769 1549 802 id
1579 771 1650 802 est
1682 768 1828 803 tercia
1857 768 1973 803 feria

433 821 480 861 (4.
506 818 615 859 Marz)
649 819 752 862 post
784 816 910 851 Oculi
942 816 1034 855 mei*
1055 827 1200 860 semper,
1234 816 1271 849 in
1302 815 1425 860 oppido
1449 815 1721 848 Franconefurde
1752 814 1794 848 de
1826 816 1898 848 tam
1922 814 1973 848 in-

429 875 547 898 mensa
564 863 783 907 Transalpini
808 863 905 906 regni
930 862 1117 896 latitudine
1141 862 1348 903 universum,
1373 861 1498 894 mirum
1524 861 1629 903 dictu,
1655 861 1846 906 principum
1870 860 1974 895 robur

430 922 496 944 non
523 910 595 943 sine
620 909 826 954 quibusdam
851 920 890 942 ex
906 909 1012 942 Italia
1035 909 1222 942 baronibus
1247 910 1425 952 tamquam
1450 907 1486 940 in
1511 917 1615 940 unum
1641 917 1761 952 corpus
1785 906 1972 941 coadunari

430 956 552 1001 potuit.
601 955 669 989 Ubi
703 966 779 989 cum
814 955 854 988 de
887 954 1044 998 eligendo
1078 954 1231 999 principe
1263 954 1427 998 primates
1463 953 1697 987 consultarent
1730 973 1773 977 —
1806 963 1902 987 nam
1929 952 1975 986 id

430 1002 543 1036 iuris
577 1002 755 1035 Romani
786 1001 963 1045 imperii
989 1011 1118 1045 apex,
1150 1000 1376 1034 videlicet
1400 1010 1484 1033 non
1508 1010 1582 1044 per
1607 999 1848 1043 sanguinis
1880 1009 1974 1044 pro-

431 1048 633 1093 paginem
661 1047 950 1089 descendere,
977 1047 1051 1080 sed
1076 1058 1148 1091 per
1172 1046 1417 1091 principum
1442 1045 1709 1079 electionem
1732 1055 1864 1089 reges
1889 1055 1977 1079 cre-

432 1106 522 1137 are,
547 1094 634 1127 sibi
659 1095 883 1138 tamquam
908 1104 956 1127 ex
982 1092 1214 1136 singulari
1239 1091 1451 1126 vendicat
1474 1090 1789 1136 prerogativa,
1814 1111 1858 1116 -
1884 1093 1978 1125 tan-

432 1141 518 1174 dem
553 1141 594 1174 ab
629 1140 786 1182 omnibus
810 1139 1004 1173 Fridericus
1040 1138 1224 1172 Suevorum
1256 1138 1342 1181 dux,
1378 1137 1543 1171 Friderici
1577 1137 1674 1171 ducis
1702 1137 1812 1179 filius,
1841 1136 1978 1182 petitur

434 1188 698 1230 cunctorumque
730 1185 842 1219 favore
875 1186 911 1219 in
943 1196 1058 1228 regem
1091 1185 1306 1219 sublimatur.
1342 1184 1394 1226 II,
1432 1195 1459 1218 c.
1487 1185 1528 1217 2:
1566 1183 1680 1217 Huius
1713 1182 1975 1218 consultationis

433 1243 566 1267 summa
598 1232 634 1266 in
667 1232 829 1276 illamque
860 1243 1039 1276 personam
1064 1233 1137 1264 tam
1161 1231 1332 1264 unanimis
1359 1240 1518 1264 assensus
1542 1229 1632 1263 ratio
1656 1229 1758 1272 haec,
1792 1231 1833 1264 ut
1851 1229 1973 1271 recolo,
2001 1251 2004 1254 >

432 1280 508 1313 fuit.
550 1279 647 1312 Duae
671 1278 706 1311 iu
723 1278 875 1312 Romano
901 1279 981 1311 orbe
1006 1277 1097 1322 apud
1115 1276 1249 1311 Galliae
1270 1276 1514 1311 Germaniaeve
1538 1275 1623 1309 fines
1647 1275 1798 1310 famosae
1822 1274 1974 1309 familiae

433 1328 574 1359 actenus
598 1325 712 1366 fuere,
738 1335 806 1357 una
830 1324 1069 1358 Heinricorum
1095 1323 1135 1357 de
1162 1322 1408 1366 Gueibelinga,
1441 1322 1508 1355 alia
1534 1321 1731 1356 Guelforum
1756 1321 1799 1356 de
1821 1321 1974 1363 Aldorfo,

434 1372 544 1405 altera
574 1371 816 1415 imperatores,
853 1370 962 1404 altera
994 1380 1136 1413 magnos
1170 1369 1271 1403 duces
1305 1368 1490 1414 producere
1523 1368 1635 1402 solita.
1683 1367 1793 1410 Istae,
1826 1369 1868 1401 ut
1890 1367 1980 1401 inter

438 1418 528 1451 viros
544 1427 687 1460 magnos
704 1416 900 1461 gloriaeque
925 1416 1042 1449 avidos
1059 1415 1186 1449 assolet
1208 1415 1292 1457 fieri,
1319 1415 1513 1459 frequenter
1530 1425 1603 1447 sese
1618 1414 1762 1448 invicem
1779 1413 1980 1455 emulantaes,

438 1464 487 1497 rei
519 1463 676 1508 publicae
709 1463 856 1507 quietem
889 1462 1092 1496 multociens
1124 1462 1377 1506 perturbarant.
1427 1460 1525 1494 Nutu
1550 1471 1626 1494 vero
1651 1460 1727 1502 Dei,
1752 1461 1793 1494 ut
1816 1459 1978 1501 creditur,

438 1510 514 1555 paci
545 1509 661 1554 populi
694 1509 746 1542 sui
776 1509 812 1542 in
845 1510 1019 1553 posterum
1050 1507 1281 1553 providentis,
1314 1507 1375 1540 sub
1406 1507 1568 1541 Heinrico
1602 1506 1643 1540 V.
1674 1506 1804 1540 factum
1834 1507 1907 1548 est,
1939 1507 1981 1539 ut

437 1556 630 1589 Fridericus
655 1555 733 1597 dux,
759 1557 857 1599 pater
881 1555 993 1597 huius,
1019 1554 1076 1598 qui
1104 1554 1144 1588 de
1170 1554 1290 1595 altera,
1317 1553 1353 1587 id
1378 1555 1432 1586 est
1456 1553 1497 1586 de
1520 1563 1639 1596 regum
1663 1552 1814 1595 familia,
1840 1551 1975 1586 descen-

437 1603 553 1644 derat,
589 1602 629 1636 de
660 1602 787 1643 altera,
818 1601 972 1635 Heinrici
1006 1600 1137 1634 scilicet
1162 1599 1363 1633 Noricorum
1398 1599 1494 1632 ducis
1518 1599 1644 1641 filiam,
1674 1598 1709 1632 in
1734 1609 1871 1632 uxorem
1895 1597 1982 1632 acci-

436 1651 533 1693 peret
549 1659 587 1682 ex
605 1659 711 1692 eaque
727 1647 950 1689 Fridericum,
977 1647 1035 1691 qui
1051 1646 1339 1691 inpresentiarum
1357 1647 1420 1688 est,
1446 1646 1635 1688 generaret.
1679 1644 1854 1689 Principes
1871 1643 1979 1688 igitur

436 1706 502 1728 non
534 1694 643 1728 solum
674 1693 881 1727 industriam
915 1704 953 1726 ac
984 1693 1145 1726 virtutem
1177 1692 1245 1726 iam
1271 1703 1349 1736 sepe
1375 1691 1459 1725 dicti
1484 1691 1635 1733 iuvenis,
1669 1690 1728 1724 sed
1763 1690 1868 1724 etiam
1901 1690 1974 1732 hoc,

437 1740 549 1785 quod
580 1740 824 1784 utriusque
857 1739 1089 1782 sanguinis
1122 1749 1306 1772 consors
1337 1740 1561 1782 tamquam
1591 1736 1823 1780 angularis
1856 1735 1978 1781 lapis

435 1789 727 1831 utrorumque
759 1786 915 1819 horum
939 1785 1158 1830 parietum
1185 1783 1516 1818 dissidentiam
1549 1783 1679 1817 unire
1702 1784 1874 1828 posset,
1904 1793 1980 1816 con-

438 1833 641 1874 siderantes,
668 1835 772 1877 caput
796 1832 893 1875 regni
917 1843 994 1865 eum
1012 1831 1219 1865 constituere
1239 1830 1533 1872 adiudicaverunt,
1558 1829 1742 1874 plurimum
1759 1829 1807 1863 rei
1824 1828 1980 1874 publicae

436 1880 652 1924 profuturum
684 1878 954 1923 precogitantes,
990 1878 1019 1911 si
1052 1879 1124 1911 tam
1158 1877 1274 1920 gravis
1305 1878 1341 1910 et
1371 1876 1507 1910 diutina
1535 1876 1626 1910 inter
1658 1875 1824 1910 maximos
1847 1874 1982 1920 imperii

439 1925 527 1959 viros
559 1926 599 1958 ob
634 1925 806 1969 privatum
832 1924 1098 1958 emolumentum
1125 1923 1284 1956 simultas
1309 1923 1375 1956 hac
1399 1922 1535 1956 demum
1561 1921 1746 1962 occasione,
1770 1921 1842 1955 Deo
1866 1931 1982 1966 coope-

436 1974 554 2012 rante,
595 1971 772 2016 sopiretur.
813 1991 851 1995 —
885 1970 964 2014 Vgl.
999 1969 1086 2003 auch
1116 1969 1205 2004 Ann.
1237 1969 1306 2004 Col.
1338 1969 1428 2003 Max.
1463 1969 1510 2003 M.
1539 1967 1579 2002 G.
1614 1967 1647 2003 S.
1674 1967 1707 2003 S.
1732 1967 1852 2009 XVII,
1893 1969 1980 2009 764;

441 2018 563 2052 Chron.
590 2017 752 2062 Ursperg.
785 2017 832 2051 M.
860 2016 901 2051 G.
929 2016 962 2050 S.
989 2016 1023 2050 S.
1049 2015 1191 2057 XXIII,
1219 2018 1302 2056 3443
1339 2014 1525 2049 Gisleberti
1550 2013 1740 2048 chronicon
1763 2013 1982 2048 Hanoniense

438 2064 484 2098 M.
513 2063 551 2098 G.
579 2063 611 2098 S.
639 2063 672 2097 S.
698 2063 792 2105 XXI,
821 2066 885 2097 516
913 2062 1082 2106 (erwahnt
1106 2062 1204 2107 einen
1228 2061 1557 2095 Wahlerausschuss
1584 2071 1647 2094 von
1674 2063 1694 2094 4
1718 2059 1882 2102 Fiirstem
1912 2059 1980 2102 Vgl.

440 2110 525 2143 dazu
544 2109 708 2143 Narratio
734 2109 774 2142 de
799 2109 963 2143 electione
988 2120 1016 2142 c.
1036 2111 1067 2142 2.
1108 2101 1201 2142 Uber
1219 2107 1283 2141 den
1301 2106 1625 2141 staatsrechtlichen
1642 2106 1742 2140 Wert
1757 2105 1817 2140 der
1832 2105 1983 2141 Chronik

438 2156 582 2190 handelt
606 2155 736 2198 Ficker,
762 2155 847 2189 Vom
871 2153 1257 2189 Reichsfiirstenstande
1282 2153 1309 2196 I,
1339 2155 1436 2195 108);
1463 2153 1652 2187 Kinnamos
1676 2152 1723 2195 ΙΙ,
1749 2163 1776 2187 c.
1803 2152 1873 2196 20.]

470 2216 515 2264 a)
548 2215 774 2259 Schreiben
808 2213 1040 2258 Friedrichs
1072 2213 1096 2256 Ι.
1129 2224 1180 2256 an
1214 2213 1342 2267 papst
1372 2212 1506 2266 Eunen
1539 2212 1608 2264 ΙΙΙ.,
1640 2212 1748 2255 mai-z
1777 2209 1945 2264 1152.**)

691 2280 858 2324 (Wibaldi
882 2291 956 2324 epp.
982 2291 1033 2313 nr.
1059 2281 1145 2321 372;
1170 2278 1270 2321 Jaffe,
1294 2279 1512 2312 Bibliotheca
1535 2278 1562 2320 I,
1588 2281 1655 2312 499
1681 2278 1730 2322 ff.)

552 2339 822 2380 Dilectissimo
851 2338 893 2379 in
915 2338 1073 2379 Christo
1102 2337 1207 2390 patri
1238 2350 1309 2378 suo
1339 2336 1554 2389 E(ugeni0)
1586 2337 1748 2377 sanctae
1777 2331 1984 2376 Romanae

449 2395 662 2436 aecclesiae
693 2407 851 2436 summo
880 2394 1057 2448 pontifici
1086 2393 1320 2434 Fredericus
1350 2393 1426 2434 Dei
1456 2393 1584 2445 gratia
1612 2393 1889 2434 Romanorum
1917 2403 1986 2432 rex

559 2478 589 2519 *)
614 2471 707 2510 Uber
741 2476 795 2510 die
819 2476 923 2510 Wahl
947 2475 1143 2510 Friedrichs
1165 2475 1193 2510 Ι.
1219 2475 1330 2508 haben
1356 2474 1562 2518 gehandelt‘:
1599 2473 1799 2519 Philippson
1816 2501 1824 2516 ,
1859 2471 1982 2508 Gesch.

441 2524 626 2558 Heinrichs
661 2523 720 2556 des
744 2523 864 2556 sten
899 2534 930 2556 u.
965 2522 1025 2555 der
1056 2521 1247 2555 welfischen
1274 2532 1305 2554 u.
1333 2520 1542 2554 staufischen
1566 2520 1694 2554 Politik
1719 2519 1830 2554 seiner
1853 2519 1929 2554 Zeit
1951 2519 1980 2558 I,

446 2573 510 2604 351
539 2570 593 2612 ff.;
621 2569 716 2604 Cohn
742 2569 776 2602 in
803 2568 867 2602 den
891 2567 986 2602 Gott.
1013 2567 1188 2602 Gel.-Anz.
1213 2567 1334 2610 Jahrg.
1356 2569 1444 2601 1868
1470 2566 1503 2600 S.
1527 2569 1613 2601 1050
1638 2566 1695 2607 ff.;
1722 2566 1837 2608 Prutz,
1862 2565 1986 2599 Kaiser

443 2615 619 2650 Friedrich
644 2615 671 2657 Ι,
689 2615 752 2648 Bd.
771 2615 798 2656 I,
825 2614 858 2648 S.
877 2617 920 2648 ‘28
937 2614 971 2648 ff.
991 2615 1092 2648 nebst
1108 2614 1248 2657 Beilage
1268 2617 1282 2647 1
1298 2627 1304 2654 ;
1329 2613 1497 2655 Wetzold,
1523 2613 1588 2646 Die
1603 2612 1708 2646 Wahl
1724 2611 1919 2646 Friedrichs
1934 2611 1984 2653 I.;

445 2661 666 2696 Giesebrecht
678 2661 736 2702 IV,
751 2663 817 2694 380
827 2661 849 2695 f.
863 2661 965 2706 nebst
977 2661 1077 2694 Anm.
1090 2674 1097 2701 ;
1115 2660 1244 2702 Peters,
1257 2659 1361 2692 Wahl
1374 2659 1497 2692 Kaiser
1505 2658 1698 2692 Friedrichs
1707 2657 1735 2692 I.
1746 2657 1896 2701 (Forsch.
1906 2657 1984 2699 XX,

445 2712 512 2742 453
538 2708 606 2750 ff.);
641 2707 820 2748 Weiland,
853 2701 946 2740 Uber
981 2706 1034 2740 die
1070 2706 1257 2740 deutschen
1282 2705 1548 2748 Konigswahlen
1573 2705 1620 2738 im
1648 2706 1699 2739 12.
1724 2715 1756 2739 u.
1786 2706 1837 2738 13.
1862 2703 1983 2738 Jahrb.

445 2755 618 2797 (ibidem),
645 2753 767 2795 Hasse,
792 2753 978 2796 Erhebimg
993 2752 1107 2796 Konig
1122 2751 1316 2786 Friedrichs
1333 2751 1361 2785 Ι.
1388 2751 1494 2795 (Hist.
1511 2750 1831 2794 Untersuchungen,
1855 2749 1986 2784 Amold

449 2800 590 2834 Schaser
615 2799 798 2843 gewidmet
826 2801 924 2840 1882,
950 2798 983 2832 S.
1010 2801 1077 2832 319
1103 2798 1171 2840 ff.);
1197 2798 1383 2831 Van-entra
1407 2808 1445 2841 p,
1473 2797 1539 2830 Zur
1564 2795 1686 2831 Gesch.
1713 2795 1773 2830 der
1796 2795 1988 2830 Kaiserzeit

447 2848 482 2880 in
509 2846 628 2890 Sybels
653 2845 746 2879 Hist.
773 2845 936 2879 Zeitschr.
963 2844 996 2878 S.
1023 2847 1089 2878 405
1114 2844 1167 2885 ff.;
1193 2843 1347 2885 Nitzsch,
1375 2809 1495 2878 geseh.
1523 2843 1554 2876 d.
1582 2841 1767 2876 deutschen
1790 2841 1917 2875 Volkes
1940 2841 1987 2882 II,

451 2895 537 2934 *2283
564 2891 850 2925 Maurenbrecher
875 2902 903 2925 a.
924 2902 952 2924 a.
972 2890 1011 2924 O.
1030 2890 1063 2925 S.
1083 2893 1147 2923 164
1165 2890 1199 2924 ff.
1228 2890 1279 2932 **)
1304 2889 1364 2923 Ich
1391 2889 1521 2923 datiere
1545 2888 1633 2922 nach
1658 2887 1797 2932 Stumpf
1818 2898 1868 2921 ur.
1886 2889 1987 2921 3620.
