2098 3432
9 2094 35 2266 “aff‘}'',
19 2023 30 2070 *21³
13 1952 34 2001 ⁴2⁴

16 2700 27 2708 ἱ
6 2482 34 2687 ‚fflwwf
18 2462 26 2472 π
15 2422 39 2446 ³2
14 2323 34 2373 va..

0 3123 22 3233 ›hem-r*
0 3027 26 3118 φῶν·-
0 2923 29 3015 'uvea-{5⁴
0 2885 23 2915 «ϋ-
6 2850 28 2867 22
11 2789 23 2809 ··
18 2769 28 2783 r·
7 2716 30 2758 ’.ω’-ι
11 2703 13 2707 ·

1684 232 1740 272 73

164 351 440 400 nutrimenta,
487 351 534 391 ut
577 349 702 391 faciat
744 349 944 390 iudicium
990 349 1032 390 et
1076 347 1283 388 iusticiam
1329 347 1371 388 in
1417 348 1538 388 terra.
1597 345 1652 386 Et
1691 346 1748 386 sit

162 408 374 452 vobiscum
394 407 534 460 magni
555 406 713 448 consilii
735 407 919 459 angelus,
947 408 1006 447 ut
1027 404 1317 446 declaretis
1341 417 1452 446 eum
1481 403 1531 444 in
1562 416 1686 456 rege
1703 416 1745 444 m

162 479 218 510 ac
247 464 580 507 defensorem
613 465 845 505 Romane
878 461 1247 516 aecclesiae;*)
1280 463 1321 502 et
1341 461 1413 502 illa
1442 461 1522 515 ipsi
1553 473 1600 502 ac
1630 460 1745 514 prin-

162 522 319 577 cipibus
358 522 444 564 suis
485 521 618 563 facere
656 521 905 574 iniungatis‚
946 533 1052 573 quae
1084 519 1133 561 ad
1165 520 1365 560 honorem
1397 518 1621 560 catholicae
1654 531 1748 559 aec-

163 579 312 622 clesiae
342 581 384 621 et
413 579 593 621 salutem
622 578 764 633 populi
794 578 1010 620 christiani
1040 577 1267 632 proficiant.

354 724 400 773 c)
431 723 851 768 Antwortschreiben
885 723 1052 777 Euqens
1085 722 1156 775 ΙΙΙ.,
1188 718 1243 767 17.
1276 721 1354 764 mai
1387 718 1557 772 1152.**)

425 798 597 843 (Wibaldi
622 809 698 844 epp.
724 810 775 834 nr.
802 800 887 840 3823
914 796 1016 839 Jaffd,
1043 796 1264 831 Bibliotheca
1289 795 1318 839 I,
1348 798 1414 830 513
1441 795 1479 839 f.)

277 874 490 928 Eugenius
513 875 727 930 episcopus
759 887 902 916 servus
934 886 1145 915 servorum
1166 872 1244 914 Dei
1265 872 1480 914 karissimo
1510 872 1552 912 in
1581 871 1745 914 Christo

162 931 245 974 filio
275 931 516 987 F(riderico)
556 932 709 974 illustri
739 933 1024 974 Romanorum
1066 930 1154 983 regi
1193 930 1372 972 salutem
1403 931 1445 971 et
1475 929 1742 984 apostolicam

162 988 500 1032 benedictionem.

277 1046 447 1088 Nuntiis
468 1047 655 1102 egregiae
676 1049 772 1088 tuae
793 1045 1020 1088 nobilitatis
1042 1047 1083 1087 et
1103 1044 1252 1086 litteris
1283 1044 1459 1098 benigne
1491 1057 1538 1085 ac
1569 1044 1739 1086 honeste

163 1103 386 1158 susceptis,
431 1106 474 1146 et
516 1105 701 1159 ipsorum
745 1104 855 1146 fideli
901 1105 942 1145 et
985 1102 1181 1157 prudenti
1217 1102 1450 1144 narratione
1494 1103 1535 1143 et
1574 1101 1741 1142 illarum

163 1161 477 1215 diligentissima
520 1162 796 1216 inspectione,
842 1173 1061 1215 personam
1107 1163 1245 1209 tuam,
1290 1159 1374 1201 iam
1418 1159 1579 1214 pridem
1626 1158 1746 1200 nobis

164 1218 378 1269 dilectam,
416 1220 511 1273 post
547 1219 762 1261 decessum
800 1218 938 1272 patrui
978 1218 1058 1267 tui,
1096 1217 1336 1259 recolendae
1366 1216 1590 1259 memoriae
1622 1216 1747 1269 C(on-

162 1275 268 1330 radi)
289 1276 575 1318 Romanorum
596 1276 716 1330 regis,
746 1276 835 1330 pari
864 1278 958 1318 voto
991 1278 1032 1317 et
1063 1275 1249 1316 unanimi
1280 1288 1482 1316 consensu
1514 1274 1747 1328 principum

94 1360 97 1362 -
161 1333 206 1374 in
234 1333 352 1387 regni
381 1334 595 1388 fastigium
626 1336 862 1388 promotam
893 1346 1001 1382 esse,
1033 1332 1251 1374 manifeste
1285 1332 1565 1385 cognovimus.
1627 1331 1745 1382 Quod

165 1392 282 1433 tanto
326 1391 514 1433 uberiore
560 1391 811 1433 exultatione
857 1391 1133 1445 suscepimus,
1180 1391 1336 1443 quanto
1382 1403 1454 1444 per
1496 1389 1634 1430 dilecti
1674 1389 1747 1430 filii

165 1448 296 1490 nostri
342 1448 592 1502 O(ctaviani)
636 1448 853 1503 presbiteri
899 1448 1118 1490 cardinalis
1165 1447 1446 1489 narrationem
1494 1449 1535 1488 et
1579 1452 1747 1487 tuarum

165 1505 404 1548 litterarum
448 1507 750 1561 susceptionem
797 1519 912 1561 spem
952 1506 1167 1547 certiorem
1215 1505 1264 1547 de
1306 1507 1381 1546 tua
1418 1503 1623 1546 industria
1662 1505 1746 1545 iam

166 1564 289 1605 antea
329 1564 585 1606 tenebamus.
644 1565 732 1606 Deo
762 1563 909 1617 igitur,
951 1576 975 1604 a
1006 1576 1086 1616 quo
1118 1564 1182 1604 est
1212 1576 1332 1604 omne
1364 1562 1510 1604 datum
1542 1562 1746 1615 optimum

167 1622 210 1662 et
233 1633 354 1664 omne
385 1621 540 1663 donum
569 1621 811 1676 perfectum,
842 1621 892 1662 de
923 1620 1042 1662 corde
1075 1621 1228 1673 gratias
1260 1620 1420 1662 debitas
1451 1622 1744 1674 persolventes,

167 1677 277 1732 quod
315 1677 364 1720 de
403 1681 478 1720 tua
516 1679 790 1721 strennuitate
830 1678 966 1720 divina
1007 1678 1225 1719 clementia
1256 1678 1499 1732 disponente
1530 1681 1618 1718 tam
1650 1691 1745 1718 con-

165 1735 343 1778 corditer
371 1735 529 1778 factum
561 1749 650 1778 esse
672 1736 948 1790 cognovimus,
980 1736 1211 1788 benigno
1242 1735 1422 1776 favore
1454 1735 1599 1776 sedis
1631 1748 1749 1788 apo—

167 1793 387 1835 stolicae
419 1795 784 1849 approbamus.
845 1793 1061 1836 Credimus
1094 1794 1226 1842 enim,
1259 1793 1368 1846 quod
1399 1794 1575 1842 bonum,
1607 1805 1631 1833 a
1663 1794 1745 1833 iam

167 1849 276 1892 dicto
324 1854 471 1905 patruo
523 1855 564 1893 et
609 1852 896 1906 predecessore
943 1855 1012 1893 tuo
1059 1851 1231 1892 firmiter
1274 1851 1391 1892 nobis
1438 1852 1479 1892 et
1526 1850 1746 1891 aecclesiae

167 1907 379 1950 Romanae
427 1910 697 1964 promissum,
748 1922 821 1964 per
871 1921 1092 1962 generosae
1143 1908 1370 1950 devotionis
1415 1909 1512 1950 tuae
1558 1908 1745 1949 studium

169 1965 450 2007 desideratum
491 1980 515 2008 a
553 1967 669 2008 nobis
712 1966 934 2008 auxiliante
965 1966 1141 2008 Domino
1173 1966 1368 2007 sortietur
1399 1965 1602 2007 effectum.
1663 1965 1748 2007 Nos

169 2021 375 2076 siquidem
397 2024 448 2065 ad
478 2024 645 2066 honoris
678 2026 719 2066 et
750 2024 1008 2066 exaltationis
1038 2027 1136 2065 tuae
1169 2026 1471 2077 augumentum
1504 2036 1577 2077 pro
1610 2022 1747 2064 debito

168 2080 378 2123 commissi
409 2082 525 2123 nobis
557 2081 690 2132 officii,
722 2095 901 2136 superna
931 2083 1175 2136 cooperante
1207 2081 1350 2134 gratia,
1383 2081 1584 2122 attentius
1614 2080 1752 2122 inten-

170 2136 308 2179 dimus
347 2139 544 2181 laborare.
603 2140 832 2194 Eapropter
872 2139 921 2180 de
961 2139 1264 2181 communicato
1304 2139 1481 2180 fratrum
1512 2141 1750 2180 nostrorum

168 2195 334 2237 consilio
387 2196 572 2250 legatum
625 2197 674 2239 de
718 2197 847 2239 latere
899 2200 1041 2239 nostro
1087 2196 1136 2238 ad
1184 2199 1302 2238 tuam
1349 2196 1616 2238 serenitatem
1667 2196 1750 2237 dis-

169 2253 384 2307 posuimus
420 2253 462 2294 in
502 2254 686 2308 proximo
723 2255 951 2304 destinare,
990 2268 1062 2309 per
1103 2267 1226 2307 quem
1269 2253 1542 2296 intentionem
1581 2257 1622 2295 et
1658 2267 1751 2308 pro-

172 2310 354 2364 positum
374 2313 565 2353 nostrum
586 2315 682 2354 tuae
705 2313 857 2365 gloriae
880 2312 1158 2366 disposuimus
1187 2312 1356 2366 aperire.
1405 2311 1580 2352 Interim
1612 2318 1753 2352 autem

174 2367 332 2421 regiam
363 2369 610 2422 dignitatem
643 2373 758 2410 tuam
790 2372 946 2411 attente
978 2382 1216 2419 monemus,
1246 2371 1295 2410 ut
1323 2368 1588 2424 professionis
1618 2369 1754 2422 regiae

178 2424 354 2467 formam
391 2427 615 2481 perspicaci
654 2428 810 2469 lumine
848 2428 1000 2469 mentis
1042 2439 1204 2481 semper
1242 2426 1433 2468 attendas
1465 2430 1506 2468 et
1536 2426 1755 2468 aecclesiae

173 2482 252 2524 Dei
283 2485 324 2524 et
355 2483 667 2526 aecclesiasticis
698 2485 883 2539 personis
913 2488 1148 2540 promptam
1187 2488 1228 2526 et
1259 2484 1440 2526 debitam
1472 2485 1678 2526 iusticiam
1710 2497 1756 2526 ac

174 2539 455 2582 defensionem
498 2541 813 2595 infatigabiliter
853 2546 894 2584 et
934 2555 1096 2597 semper
1135 2542 1343 2592 exhibeas,
1382 2541 1534 2592 viduis,
1574 2542 1755 2596 pupillis,

172 2597 368 2652 orphanis
409 2600 452 2640 et
489 2600 677 2642 universo
714 2601 864 2654 populo
899 2600 1090 2654 regimini
1121 2604 1192 2641 tuo
1225 2600 1408 2641 subiecto
1441 2599 1527 2640 sine
1559 2599 1754 2641 tarditate

171 2667 317 2709 pacem
337 2657 379 2697 et
397 2656 607 2698 iusticiam
628 2657 765 2707 facias,
796 2660 844 2699 ut
866 2658 953 2712 ipsi,
986 2658 1035 2699 de
1057 2659 1131 2699 tua
1151 2657 1408 2712 protectione
1440 2669 1486 2698 ac
1516 2657 1753 2699 defensione

172 2725 245 2766 pro
283 2713 420 2766 regiae
451 2713 665 2767 dignitatis
697 2716 937 2757 excellentia
966 2715 1116 2756 muniti
1150 2717 1191 2757 et
1222 2715 1293 2756 tibi
1325 2714 1471 2756 devote
1504 2714 1752 2763 obedientes,

295 2840 327 2882 *)
352 2839 431 2884 Vgl.
460 2840 617 2885 dagegen
644 2841 708 2876 den
733 2841 849 2894 *Tenor
874 2841 934 2875 des
955 2841 1191 2894 *kaiserlichon
1219 2841 1441 2875 Schreibens!

300 2887 351 2929 **)
375 2887 455 2932 Vgl.
482 2888 571 2922 auch
596 2889 682 2923 iiber
707 2889 818 2923 dieses
844 2888 1031 2923 Schrelben
1056 2888 1275 2932 Engelmann
1300 2900 1332 2923 u.
1360 2888 1524 2922 Deussen
1550 2899 1581 2922 a.
1609 2899 1639 2922 a.
1666 2886 1706 2922 O.
