2098 3432
1666 281 1747 322 291

174 389 322 426 tentiam
347 391 507 434 respectu
532 390 645 425 nostri
670 390 804 426 servitii
829 391 866 426 in
883 391 1039 445 presenti
1065 391 1273 427 differatisf‘
1325 391 1393 435 Qui
1417 392 1548 429 faciens
1573 394 1672 429 iuxta
1696 406 1753 441 pe-

176 436 338 472 titionem
374 447 510 480 eorum,
549 436 729 481 discessit,
767 440 803 472 et
837 450 915 473 cum
948 438 986 473 in
1018 439 1174 484 proximo
1207 450 1285 474 eum
1316 441 1613 476 excommunicare
1638 442 1751 485 vellet,

172 485 285 519 morte
309 485 495 530 preventus
521 484 733 520 sententiam
759 485 919 530 distulit,
951 485 1070 532 sicque
1101 486 1292 532 imperator
1315 487 1573 523 maledictionis
1598 471 1751 524 iaculuni

171 530 296 567 evasit.

172 625 214 682 11)
245 625 474 672 schreiben
508 627 762 672 Erzbischof
785 628 1048 672 wichmanns
1087 639 1166 673 von
1199 629 1449 685 magdebur-9
1490 631 1568 675 und
1609 632 1754 676 8011101·

584 683 836 739 Suffrauane
868 697 921 730 an
954 686 1085 741 Papst
1116 686 1252 731 111-11011
1285 687 1341 730 ΙΙΙ.

476 752 667 798 (Ludewig,
693 753 876 799 Reliquiae
901 753 1143 799 Diplomatum
1166 753 1214 798 H,
1240 755 1454 800 445-449.)

285 819 525 862 Reverendo
557 821 598 862 et
627 820 852 863 venerabili
881 821 925 862 in
955 820 1120 864 Christo
1149 821 1258 876 patri
1297 834 1345 863 ac
1375 821 1538 864 domino
1569 823 1750 874 Urbano,

170 879 430 920 sacrosancte
461 878 504 919 et
533 877 778 920 universalis
811 878 979 921 ecclesie
1000 891 1163 921 summo
1191 878 1386 933 pontifici,
1413 879 1751 934 W(ichmannus)

168 934 248 978 Dei
289 934 423 988 gratia
467 936 609 976 sancte
648 935 1020 989 Magdeburgensis
1063 936 1231 978 ecclesie
1278 937 1607 991 archiepiscopus
1654 951 1749 980 cum

169 992 256 1035 suis
301 991 594 1046 suffraganeis,
649 1005 746 1034 cum
798 993 939 1035 debita
993 993 1246 1036 subiectione
1292 994 1580 1036 obedientiam.
1641 994 1748 1037 Cum

170 1048 307 1092 divine
338 1049 656 1104 dispensationis
698 1049 832 1103 gratia
869 1051 1092 1105 apostolice
1136 1051 1245 1093 sedis
1278 1051 1509 1093 antistitem
1550 1055 1591 1093 et
1620 1053 1749 1095 totius

170 1107 311 1149 sancte
342 1106 541 1150 catholice
572 1107 741 1149 ecclesie
762 1108 973 1162 pastorem
1004 1110 1046 1149 et
1075 1111 1238 1162 patrem
1258 1108 1550 1162 dignissimum
1581 1109 1630 1151 de
1653 1110 1746 1152 alti-

167 1162 326 1206 tudinis
365 1176 440 1206 8110
479 1164 649 1206 consilio
688 1178 761 1207 vos
791 1165 1035 1220 providerit,
1076 1165 1258 1207 universi
1289 1169 1330 1207 01
1361 1166 1530 1219 singuli,
1571 1180 1749 1220 quorum

167 1233 244 1276 par
274 1219 446 1263 affectus
478 1222 520 1262 et
550 1221 694 1264 eadem
724 1223 822 1264 vota
852 1222 1135 1273 dinoscuntur,
1164 1225 1335 1277 paterne
1367 1223 1579 1266 sanctitati
1610 1225 1747 1267 vestre

169 1291 265 1320 cum
293 1277 410 1320 filiali
447 1278 679 1320 reverentia
717 1281 833 1321 tanto
872 1279 1061 1322 devotius
1102 1281 1376 1335 assurgimus,
1419 1282 1574 1334 quanto
1607 1294 1748 1323 aman—

169 1334 377 1378 tissimam
419 1335 717 1390 paternitatem
761 1337 944 1378 vestram
988 1337 1031 1378 in
1076 1338 1163 1380 Deo
1209 1339 1326 1392 patre
1372 1338 1531 1380 sincera
1577 1339 1747 1381 caritate

169 1392 382 1447 diligimus
413 1394 455 1435 et
482 1393 575 1435 iura
605 1393 873 1435 ecclesiarum
903 1395 1121 1448 prudentie
1152 1397 1289 1437 vestre
1319 1395 1568 1450 perfectione
1600 1409 1748 1437 manu-

169 1450 301 1493 teneri
341 1452 383 1492 et
419 1450 696 1505 tranquilliori
733 1450 778 1492 in
817 1450 902 1492 dies
942 1464 1042 1506 pace
1079 1452 1207 1494 foveri
1248 1466 1475 1508 speramus.
1532 1453 1635 1495 Inde
1674 1456 1746 1505 est,

169 1507 280 1563 quod
310 1507 452 1550 habita
479 1508 577 1551 111110
595 1508 691 1550 111ᾱο
712 1508 1039 1551 consideratione
1069 1511 1159 1551 tam
1180 1510 1417 1561 devotionis,
1448 1523 1574 1564 quam
1606 1513 1746 1553 8011010

169 1565 355 1608 Romane
395 1565 564 1608 ecclesie
605 1567 647 1608 et
682 1569 818 1608 vestre
856 1566 1099 1621 paternitati
1129 1570 1339 1618 tenemur,
1378 1580 1505 1621 quam
1534 1568 1745 1610 fidelitatis

168 1623 212 1666 et
241 1623 463 1677 singularis
494 1623 745 1674 dilectionis,
785 1636 869 1677 qua
907 1623 1072 1666 domino
1107 1624 1347 1679 imperatori
1384 1627 1426 1667 et
1464 1625 1635 1690 imperio
1658 1639 1746 1691 'per

167 1681 477 1723 sacramentum
506 1681 823 1734 obstringimur,
863 1694 987 1736 super
1017 1681 1235 1732 discordia,
1273 1695 1353 1736 que
1384 1681 1493 1724 inter
1522 1683 1743 1738 imperium

168 1739 211 1780 et
254 1738 471 1781 ecclesiam
514 1738 715 1781 morbosis
761 1738 869 1793 cepit
906 1739 1114 1781 radicibus
1152 1739 1374 1794 pullulare,
1418 1739 1577 1782 intimis
1609 1740 1744 1783 anime

166 1795 392 1839 visceribus
413 1796 720 1846 conturbamur,
751 1809 834 1838 non
854 1796 1063 1839 immerito
1085 1797 1282 1847 dolentes,
1314 1797 1491 1839 duorum
1513 1797 1745 1850 gladiorum

167 1852 276 1896 acies
315 1853 358 1895 in
389 1852 611 1895 adversum
639 1853 796 1904 collidi,
840 1867 1018 1908 quorum
1054 1854 1234 1905 mutuis,
1274 1858 1321 1896 ut
1361 1854 1542 1904 deceret,
1581 1855 1743 1897 auxiliis

167 1910 434 1954 ecclesiarum
462 1911 564 1966 paci,
594 1910 769 1954 iusticiis
800 1911 962 1966 imperii
994 1914 1035 1954 et
1065 1911 1194 1954 totius
1225 1912 1333 1954 orbis
1364 1912 1644 1954 commoditati
1679 1925 1743 1954 ac-

166 1967 350 2011 curatius
379 1967 516 2011 fuerat
545 1968 856 2023 providendum.

282 2025 579 2069 Serenissimus
630 2027 782 2081 quippe
833 2026 1023 2069 dominus
1073 2028 1214 2068 noster
1257 2026 1498 2080 imperator,
1553 2026 1742 2082 princeps

165 2082 547 2134 christianissimus,
579 2084 784 2126 celebrata
803 2084 1026 2126 novissime
1053 2084 1254 2138 solempni
1276 2084 1400 2134 curia,
1430 2084 1547 2126 nobis
1578 2085 1744 2126 ceteris-

166 2153 247 2194 que
285 2141 449 2196 imperii
487 2141 762 2206 principibus,
806 2143 896 2183 tam
935 2141 1092 2184 clericis
1133 2154 1261 2195 quam
1294 2141 1430 2191 laicis,
1476 2143 1743 2196 magnatibus

166 2210 331 2252 quoque
369 2199 412 2240 et
448 2199 651 2241 universis
689 2199 895 2241 nobilibus
934 2198 1149 2254 proposuit
1194 2200 1236 2240 et
1272 2199 1452 2252 graviter
1491 2201 1742 2264 conquestus

165 2256 240 2319 est,
272 2255 381 2310 quod
410 2255 454 2298 in
483 2255 574 2311 ipsa
604 2256 832 2299 dilectionis
862 2256 1024 2308 fiducia,
1056 2269 1183 2311 quam
1214 2268 1312 2322 0180
1331 2268 1551 2311 personam
1582 2257 1669 2299 eius
1702 2259 1742 2298 et

163 2311 386 2368 imperium
429 2326 501 2356 vos
546 2313 698 2356 habere
737 2314 968 2356 confidebat
1013 2327 1223 2368 quamque
1262 2314 1349 2368 ipse
1388 2326 1485 2367 erga
1523 2327 1741 2368 personam

163 2373 347 2412 vestram
385 2372 427 2412 et
463 2372 654 2414 sanctam
682 2372 916 2413 Romanam
956 2372 1172 2414 ecclesiam
1212 2374 1455 2426 conceperat
1492 2371 1741 2422 firmissime,

165 2439 261 2470 cum
298 2427 630 2470 illustrissimum
668 2428 802 2471 filium
843 2442 969 2471 suum
997 2430 1282 2471 Romanorum
1320 2441 1463 2482 regem
1501 2432 1739 2482 augustum,

165 2497 291 2539 quem
318 2486 522 2540 tanquam
552 2486 723 2528 unicum
752 2486 887 2540 diligit
916 2487 1069 2537 filium,
1111 2485 1230 2540 quasi
1267 2486 1310 2527 in
1351 2486 1518 2539 signum
1548 2499 1740 2528 consum-

163 2545 276 2584 mate
312 2542 398 2584 iam
433 2543 558 2598 pacis,
598 2543 852 2597 quibuslibet
892 2544 1122 2599 expositum
1159 2543 1352 2598 periculis
1390 2556 1464 2598 pro
1503 2542 1739 2586 defensione

167 2611 215 2642 00
241 2599 432 2642 1111011010
463 2600 632 2643 ecclesie
662 2601 861 2651 Romane,
895 2603 1054 2655 quanta
1082 2602 1219 2657 potuit
1248 2601 1464 2643 velocitate
1494 2601 1738 2650 transmisit,

162 2655 400 2700 inimicitias
439 2660 482 2700 et
516 2659 759 2722 gravamina
799 2659 996 2701 adversus
1037 2672 1151 2709 eum,
1194 2658 1303 2712 quod
1344 2658 1394 2700 de
1431 2659 1570 2699 vestra
1610 2657 1738 2700 michi

192 2714 412 2756 aternitate
442 2715 612 2758 minime
643 2716 904 2766 credidisset,
945 2716 1172 2759 studiosius
1204 2715 1488 2766 exercueritis,
1528 2715 1636 2758 sicut
1683 2715 1737 2756 in

186 2773 304 2814 acto
326 2771 776 2823 Cremonensium,
800 2787 916 2827 quos,
938 2787 1034 2816 cum
1055 2775 1257 2827 tanquam
1278 2773 1469 2815 bannitos
1491 2773 1533 2814 01
1552 2772 1737 2827 publicos

163 2830 265 2870 tunc
293 2829 433 2871 hostes
462 2829 626 2885 imperii
655 2832 839 2873 vestram
869 2831 1064 2873 decuerat
1099 2830 1375 2873 reverentiam
1406 2830 1579 2879 evitare,
1616 2829 1736 2872 fami-

135 2885 319 2947 liariter
368 2887 633 2941 collegeritis,
687 2888 941 2931 dehortando
994 2889 1208 2931 universas
1262 2886 1629 2987 01ν1101089ἕ10110
1684 2888 1735 2929 ab
