2098 3432
457 263 539 303 114

474 374 518 421 e)
550 373 775 418 schreiben
808 373 1009 416 Hadriane
1040 373 1093 415 Ιν.
1126 384 1176 415 an
1207 373 1284 415 den
1314 372 1472 425 Kaisar,
1503 372 1594 416 Ans.
1628 373 1805 417 Februar-
1833 371 1974 423 1158.*)

951 438 1131 482 (Ragewin
1157 438 1222 480 111,
1247 448 1275 472 c.
1302 439 1345 471 22
1372 449 1404 472 u.
1430 440 1500 481 23.)

572 503 760 547 [Friderico
786 502 905 546 igitur,
930 505 971 537 ut
995 503 1063 537 iam
1091 503 1223 537 dictum
1247 505 1311 544 est,
1339 504 1454 536 castra
1478 503 1515 536 in
1539 503 1788 548 campestribus
1813 503 1993 548 Augustae

454 550 606 583 civitatis
622 551 763 590 metato,
782 549 825 582 ad
843 560 939 582 suam
956 549 1091 583 eosdem
1107 550 1239 592 legatos
1257 548 1414 582 admittit
1430 549 1647 593 presentiam,
1673 550 1789 594 eisque
1806 550 1990 584 clementer

455 596 619 640 receptis,
654 606 791 629 causam
825 595 991 629 adventus
1017 595 1173 639 exquirit.
1223 595 1279 628 Illi
1312 597 1504 628 reverenter
1528 606 1568 629 ac
1593 595 1740 630 demisso
1763 596 1880 638 vultu,
1913 607 1992 630 voce

455 642 610 675 modesta
634 641 703 675 tale
729 651 810 674 suae
834 641 1016 684 legationis
1043 642 1224 674 assumunt
1248 641 1471 685 principium:
1497 641 1629 675 ‘Presul
1654 643 1796 675 sanctae
1819 641 1994 676 Romanae

455 687 646 729 aecclesiae,
673 689 804 721 vestrae
821 687 1039 720 excellentiae
1057 686 1296 720 devotissimus
1314 686 1349 720 in
1367 686 1503 721 Christo
1528 689 1636 731 pater,
1662 687 1795 722 salutat
1817 699 1876 722 vos
1903 688 1993 722 siout

455 733 673 766 karissimum
698 735 734 766 et
759 733 949 777 spiritalem
974 733 1085 766 sancti
1111 732 1205 766 Petri
1230 732 1348 767 filium.
1385 732 1547 766 Salutant
1570 733 1675 767 etiam
1699 744 1758 767 vos
1783 733 1994 768 venerabiles

455 780 579 812 fratres
604 779 731 821 nostri,
764 779 879 812 clerici
903 780 1018 812 autem
1044 779 1166 819 vestri,
1198 779 1348 812 universi
1374 778 1584 821 cardinales,
1616 781 1792 824 tamquam
1819 779 1992 814 dominum

455 828 490 859 et
524 826 762 870 imperatorem
788 824 892 857 Urbis
923 826 959 858 et
983 825 1085 859 orbis
1135 824 1272 865 Quanta
1297 824 1478 858 dilectione
1504 826 1625 858 saneta
1649 825 1804 860 Romana
1829 825 1994 859 aecclesia

458 871 719 916 amplitudinem
751 872 786 904 et
810 870 969 903 honorem
993 871 1127 915 imperii
1153 870 1258 904 vestri
1283 871 1531 915 amplectatur,
1563 882 1663 915 quam
1689 871 1762 905 sine
1786 871 1996 906 conscientia

455 917 585 961 peccati
602 919 751 950 vestram
769 916 854 950 satis
878 917 988 950 invita
1013 917 1216 950 sustinuerit
1240 916 1522 960 indignationem,
1547 919 1583 950 et
1605 917 1735 962 scripta
1759 917 1932 962 presentia
1955 919 1992 951 et

456 964 491 996 in
509 975 565 997 ore
581 966 697 997 nostro
714 963 846 1007 positae
863 962 958 996 vivae
974 963 1066 996 vocis
1091 963 1238 996 officium
1264 962 1473 997 declarabit'.
1516 962 1600 996 Post
1622 962 1707 996 haec
1731 964 1834 997 verba
1857 963 1994 997 litteras

454 1010 619 1051 efferunt,
654 1020 740 1053 quae
773 1009 958 1042 venerabili
983 1008 1103 1042 Ottcni
1127 1008 1338 1051 Frisingensi
1371 1009 1527 1053 episcopo
1552 1008 1597 1042 ad
1619 1009 1801 1052 legendum
1826 1009 1928 1043 simul
1953 1011 1990 1043 et

454 1055 750 1100 interpretandum
777 1055 878 1088 datae
904 1056 1003 1096 sunt,
1038 1055 1109 1088 viro
1142 1055 1261 1099 utique
1286 1054 1344 1099 qui
1368 1054 1577 1098 singularem
1601 1054 1753 1090 habebat
1777 1055 1926 1090 dolorem
1951 1055 1996 1090 de

455 1101 685 1135 controversia
689 1101 798 1158 linter
822 1111 965 1144 regnum
990 1102 1026 1134 et
1049 1101 1303 1144 sacerdotium]

567 1166 628 1206 Ex
658 1179 736 1218 quo
757 1166 995 1206 universalis
1026 1166 1240 1206 aecclesiae
1272 1178 1422 1215 curam,
1451 1166 1548 1215 Deo,
1577 1168 1698 1220 prout
1725 1167 1804 1220 ipsi
1831 1167 1995 1220 placuit,

457 1222 705 1274 disponente,
730 1222 992 1274 suscepimus,
1011 1222 1069 1262 ita
1087 1222 1129 1261 in
1150 1222 1305 1262 cunctis
1325 1222 1497 1274 negotiis
1517 1222 1858 1275 magnificentiam
1877 1224 1993 1264 tuam

456 1278 651 1318 honorare
690 1278 937 1326 curavimus,
975 1279 1022 1318 ut
1060 1277 1108 1318 de
1145 1278 1208 1318 die
1245 1278 1287 1318 in
1325 1278 1432 1318 diem
1463 1278 1622 1319 animus
1660 1280 1757 1319 tuus
1786 1279 1916 1332 magis
1947 1291 1995 1319 ac
2035 1328 2038 1331 ¹

453 1334 583 1386 magis
614 1334 656 1374 in
687 1346 821 1374 amore
854 1335 992 1374 nostro
1024 1335 1064 1374 et
1093 1334 1349 1374 veneratione
1380 1333 1486 1374 sedis
1518 1334 1760 1387 apostolicae
1789 1334 1996 1376 debuisset

456 1389 630 1430 accendi.
678 1390 797 1431 Unde
829 1390 914 1430 sine
945 1389 1088 1442 grandi
1121 1390 1402 1430 ammiratione
1431 1403 1511 1430 non
1541 1389 1720 1440 ferimus,
1756 1391 1864 1443 quod
1893 1403 1997 1440 cum,

456 1445 633 1486 audito
665 1458 721 1486 ex
751 1445 1089 1498 suggestione
1120 1445 1455 1498 quorumdam
1486 1446 1710 1486 animum
1739 1448 1882 1487 tuum
1913 1447 1999 1487 ali-

457 1501 767 1554 quantulum
809 1503 989 1542 contra
1028 1514 1116 1542 nos
1155 1501 1324 1542 fuisse
1362 1502 1768 1555 commotum**),
1807 1502 1907 1544 duos
1946 1503 1995 1543 de

458 1557 691 1598 melioribus
723 1559 763 1598 et
792 1557 1012 1598 maioribus
1042 1555 1233 1598 fratribus
1262 1557 1433 1606 nostris,
1463 1557 1694 1598 Rolandum
1725 1558 1875 1599 scilicet
1903 1571 1997 1600 can-

458 1613 666 1654 cellarium
687 1613 797 1653 tituli
815 1613 954 1654 Sancti
974 1613 1100 1654 Marci
1122 1615 1162 1654 et
1182 1613 1466 1654 Bernhardum
1486 1613 1596 1654 tituli
1618 1613 1755 1655 Sancti
1771 1614 1992 1655 Clementis

453 1669 693 1722 presbiteros
725 1669 959 1718 cardinales,
990 1669 1060 1721 qui
1088 1682 1159 1722 pro
1190 1671 1284 1710 tuae
1313 1669 1539 1710 maiestatis
1569 1669 1718 1711 honore
1746 1670 1788 1710 in
1807 1670 1993 1711 Romana

455 1725 648 1767 aecclesia
678 1725 837 1766 solliciti
867 1737 1026 1778 semper
1056 1726 1282 1774 extiterant,
1312 1738 1382 1779 pro
1411 1725 1632 1766 voluntatis
1651 1727 1747 1766 tuae
1767 1725 1991 1778 cognitione

453 1781 503 1822 ad
542 1783 658 1822 tuam
686 1781 933 1834 presentiam
963 1781 1196 1830 direximus,
1237 1781 1353 1822 aliter
1382 1793 1506 1833 quarn
1534 1781 1786 1835 imperialem
1817 1781 1996 1823 decuerit

452 1837 798 1879 honorificentiam
820 1839 917 1878 sunt
936 1837 1110 1877 tractati.
1162 1837 1380 1878 Occasione
1402 1837 1603 1890 siquidem
1633 1837 1844 1878 cuiusdam
1873 1838 1994 1887 verbi,

453 1893 561 1946 quod
591 1895 654 1934 est
683 1893 955 1942 ‚beneficium‘,
986 1895 1082 1934 tuus
1113 1893 1293 1942 animus,
1324 1893 1428 1934 sicut
1462 1893 1626 1942 dicitur,
1668 1895 1731 1934 est
1758 1895 1995 1944 commotus,

457 1949 563 2002 quod
595 1949 735 2001 utique
757 1949 908 1989 nedum
938 1949 1043 1989 tanti
1072 1949 1157 1998 viri,
1189 1949 1259 1990 sed
1287 1962 1362 1990 nec
1391 1949 1606 1990 cuiuslibet
1624 1949 1791 1991 minoris
1813 1950 1996 1991 animum

452 2006 596 2046 merito
618 2005 911 2046 commovisset.
961 2005 1074 2046 Licet
1094 2005 1202 2045 enim
1222 2006 1297 2046 hoc
1316 2017 1476 2054 nomen,
1505 2005 1612 2057 quod
1639 2007 1701 2046 est
1721 2006 1993 2055 ‚beneficium‘‚

454 2062 559 2115 apud
593 2061 790 2113 quosdam
818 2061 862 2101 in
892 2061 972 2101 alia
1002 2061 1302 2113 significatione,
1339 2074 1462 2114 quam
1493 2073 1539 2101 ex
1567 2061 1808 2114 inpositione
1835 2062 1993 2111 habeat,

455 2119 708 2166 assumatur,
747 2119 846 2158 tunc
883 2119 1020 2157 tamen
1058 2117 1099 2157 in
1141 2130 1187 2157 ea
1225 2117 1515 2169 significatione
1547 2117 1823 2170 accipiendum
1851 2117 1994 2168 fuerat,

455 2186 579 2226 quam
616 2185 689 2214 nos
728 2173 804 2226 ipsi
843 2174 1073 2235 posuimus,
1114 2175 1155 2213 et
1193 2185 1317 2225 quam
1353 2186 1399 2214 ex
1428 2173 1682 2214 institutione
1713 2186 1788 2214 sua
1814 2173 1996 2215 noscitur

451 2230 635 2270 retinere.
665 2229 771 2269 Hoc
801 2229 931 2269 enim
959 2241 1140 2270 nomen
1171 2241 1226 2269 ex
1256 2229 1386 2270 bono
1417 2233 1469 2269 et
1497 2228 1638 2270 facto
1669 2232 1745 2270 est
1775 2229 1993 2278 editum,

454 2287 502 2326 et
550 2285 747 2326 dicitur
794 2285 1109 2325 beneficium
1160 2287 1287 2338 aput
1333 2297 1422 2325 nos
1470 2297 1572 2325 non
1621 2284 1860 2335 feudum,
1908 2261 1993 2327 sed

454 2343 638 2382 bonum
687 2340 903 2387 factum;
961 2341 1003 2380 in
1052 2353 1133 2393 qua
1181 2341 1470 2393 significatione
1518 2341 1560 2380 in
1607 2341 1796 2382 universo
1846 2341 1992 2383 Sacrae

567 2423 598 2468 *)
625 2423 726 2457 Nach
751 2422 1116 2465 Scheffer-Boichorst,
1142 2423 1265 2457 Kaiser
1289 2423 1484 2457 Friedrichs
1508 2423 1535 2457 Ι.
1562 2423 1684 2457 letzter
1708 2422 1816 2458 Streit
1839 2424 1906 2458 mit
1930 2423 1991 2458 der

451 2470 575 2512 Kurie,
600 2469 740 2512 Beilage
765 2472 784 2503 7
799 2497 806 2511 ,
838 2469 870 2502 S.
898 2471 983 2510 206,
1009 2469 1135 2512 gingen
1161 2469 1215 2503 die
1240 2469 1454 2514 papstlichen
1481 2468 1698 2512 Gesandten,
1731 2469 1898 2504 Heinrich
1922 2469 1992 2504 und

451 2516 637 2559 Hyacinth,
653 2516 718 2548 mit
733 2526 869 2548 unserm
885 2515 1068 2548 Schreiben
1084 2515 1130 2548 im
1146 2515 1304 2559 Anfange
1330 2515 1388 2549 des
1406 2515 1558 2549 Februar
1574 2526 1637 2549 von
1654 2515 1741 2549 Rom
1759 2517 1812 2550 ab.
1839 2515 1892 2550 Im
1907 2515 1990 2550 Juni

452 2562 563 2596 trafen
597 2562 646 2595 sie
679 2561 739 2595 auf
771 2561 846 2594 dem
871 2561 1050 2596 Lechfelde
1089 2561 1154 2595 ein.
1212 2561 1263 2603 **)
1293 2561 1531 2606 Hauptanlass
1569 2573 1609 2595 zu
1646 2561 1706 2595 der
1739 2561 1815 2596 hier
1848 2562 1909 2596 wie
1944 2562 1991 2596 im

452 2607 636 2642 Schreiben
654 2609 687 2650 a)
713 2607 976 2650 angedeuteten,
1002 2607 1038 2640 in
1063 2607 1123 2640 der
1146 2607 1221 2640 Zeit
1246 2607 1411 2641 zwischen
1435 2607 1630 2641 Friedrichs
1654 2609 1779 2642 erstem
1803 2607 1994 2651 Romerzug

452 2654 523 2687 und
538 2654 598 2687 der
613 2653 824 2696 Absendung
838 2653 897 2686 der
910 2653 1124 2697 papstlichen
1139 2652 1336 2687 Gesandten
1351 2653 1529 2686 Bernhard
1542 2665 1575 2687 u.
1589 2653 1725 2687 Roland
1738 2653 1992 2698 eingetretenen

452 2700 640 2744 Spannung
672 2710 726 2732 am
763 2698 987 2732 kaiserlichen
1019 2698 1112 2733 Hofe.
1131 2710 1201 2732 war
1235 2699 1290 2733 die
1326 2699 1580 2734 Conventio
1612 2699 1900 2734 Benventana
1922 2699 1993 2733 und

452 2746 511 2780 der
544 2745 723 2788 einseitige
758 2744 880 2779 Friede
909 2745 974 2778 mit
1003 2745 1067 2778 den
1101 2745 1259 2779 Romern.
1307 2745 1348 2778 In
1375 2745 1450 2778 dem
1476 2744 1660 2779 Schreiben
1685 2745 1744 2779 der
1766 2745 1926 2779 Bischffl'e
1949 2756 1993 2779 an

452 2792 517 2826 den
535 2792 644 2836 Papst
661 2791 710 2835 (d)
741 2791 790 2824 ist
806 2793 951 2825 ersterer
975 2790 1311 2836 Beschwerdepunkt
1335 2790 1579 2825 ausdriicklich
1602 2791 1887 2835 hervorgehobeu‚
1911 2791 1994 2825 letz-

451 2840 542 2872 terer
565 2836 782 2881 angedeutet.
