2098 3432
1637 253 1690 295 83

125 370 337 426 Siquidem
376 370 520 411 beatae
562 382 610 411 ac
641 381 804 424 semper
833 368 1074 411 recolendae
1104 369 1328 410 memoriae
1358 367 1624 423 predecessor
1654 381 1701 410 ac

43 454 45 457 .
118 430 293 486 patruus
333 428 491 477 noster,
530 426 697 468 inclitus
738 426 1037 480 triumphator,
1075 426 1361 468 sanctissimus
1400 425 1592 467 videlicet
1621 426 1699 467 im-

121 486 287 542 perator
317 484 552 534 Conradus‚
582 484 774 533 moriens,
805 497 900 525 cum
930 496 1005 525 nos
1038 483 1288 525 declarasset
1318 483 1479 537 imperii
1511 483 1575 524 sui
1606 496 1698 525 suc—

18 535 51 603 ·]
123 554 325 592 cessores,
362 542 471 583 inter
510 541 706 595 precipua
734 541 800 595 pie
833 553 880 583 ac
908 542 1080 595 paterne
1111 540 1418 582 ammonitionis
1450 540 1699 582 documenta

121 600 325 643 instanter
363 611 437 641 nos
475 599 665 640 hortatus
709 600 791 640 est:
833 600 881 639 ut
912 597 1136 639 amicitiam
1166 601 1283 639 tuam
1314 597 1490 639 fideliter
1521 598 1699 652 amplec-

123 660 304 701 teremur
343 659 385 698 et
422 655 694 698 fraternitatis
725 655 937 697 vinculum
976 655 1085 696 inter
1124 668 1199 696 nos
1229 654 1506 696 indissolubili
1536 656 1699 697 vinculo

22 723 23 726 ’
121 715 394 763 necteremus,
427 714 632 767 quatenus
653 713 828 767 imperia
846 715 990 754 nostra
1011 725 1084 767 per
1105 712 1371 754 dilectionem
1396 725 1527 753 unum
1558 713 1704 754 fierent

120 774 163 815 et
191 771 357 825 utrique
387 771 499 813 idern
531 770 688 812 amicus
719 770 914 823 idemque
935 770 1066 811 hostis
1098 770 1301 811 existeret.
1351 769 1455 811 Inde
1488 773 1561 820 est,
1594 771 1703 824 quod

30 826 31 831 ’
57 843 61 846 “
118 841 206 880 nos,
237 828 578 871 ammonitionem
602 828 690 869 eius
714 827 862 869 effectu
888 829 1164 881 prosequente
1194 827 1397 881 complere
1428 829 1701 875 maturantes,

55 895 57 898 ·
115 887 161 929 et
198 886 324 929 etiam
362 885 566 928 voluntati
607 886 726 935 tuae,
768 897 894 938 quam
935 897 984 925 ex
1012 885 1163 926 litteris
1193 885 1276 926 tuis
1306 885 1611 939 persensimus,
1651 886 1701 927 ad

23 955 54 975 μ’
118 943 441 987 confirmandam
470 943 579 984 inter
623 955 698 984 nos
739 942 964 983 amicitiam
1007 941 1190 983 fraterna
1229 942 1483 994 benignitate
1524 943 1702 984 occurri-

20 998 53 1051 44
115 1002 265 1051 tantes,
298 1001 350 1043 ad
371 1003 643 1054 augmentum
664 999 854 1042 firmioris
878 999 1115 1041 concordiae
1147 1001 1187 1040 et
1208 999 1513 1041 incrementum
1543 1000 1699 1041 utrius-

25 1059 46 1095 *2
119 1070 200 1113 que
238 1058 400 1123 imperii
430 1058 664 1100 thalamum
693 1057 811 1098 nobis
843 1056 892 1098 de
925 1057 1021 1098 aula
1050 1056 1214 1110 imperii
1245 1056 1305 1097 tui
1337 1057 1547 1111 preparari
1579 1059 1620 1099 et
1651 1058 1700 1099 de

120 1127 320 1170 sanguine
361 1117 434 1157 tuo
478 1127 647 1157 uxorem
693 1114 842 1156 ducere
880 1114 967 1155 Deo
1011 1115 1220 1155 annuente
1259 1113 1555 1156 desideramus.
1622 1115 1703 1156 Ea-

123 1174 298 1229 propter
336 1172 582 1215 sublimitati
619 1174 718 1213 tuae
758 1172 910 1213 celeres
950 1172 991 1212 et
1023 1171 1234 1226 expeditos
1263 1172 1432 1213 nuntios
1462 1172 1703 1226 premittere

129 1231 389 1280 curavimus,
434 1243 508 1285 per
548 1242 672 1284 quos,
718 1229 795 1270 sub
840 1228 952 1270 omni
996 1228 1258 1270 festinatione
1297 1228 1347 1270 ad
1384 1242 1459 1270 nos
1499 1230 1705 1280 remissos

127 1287 351 1344 sapientiae
403 1288 500 1329 tuae
552 1299 677 1341 super
727 1286 804 1328 hoc
849 1286 1106 1328 voluntatem
1150 1286 1193 1327 in
1239 1286 1351 1327 brevi
1396 1299 1704 1340 cognoscamus.

121 1343 350 1398 Quoniam,
383 1345 573 1387 omnibus
605 1357 680 1399 per
709 1343 871 1398 imperii
900 1343 1030 1385 nostri
1062 1343 1327 1385 latitudinem
1357 1344 1596 1398 provinciis,
1626 1345 1704 1386 Dei

121 1404 338 1459 prestante
391 1401 707 1457 omnipotentia,
759 1401 900 1454 quieta
949 1413 1047 1455 pace
1099 1401 1350 1451 fruentibus,
1405 1401 1704 1456 expeditionem

122 1461 313 1503 nostram
363 1472 508 1502 versus
553 1458 748 1514 Apuliam
799 1460 840 1500 et
886 1457 1068 1500 Siciliam
1120 1471 1215 1500 cum
1262 1458 1422 1512 ingenti
1471 1460 1703 1514 principum

120 1520 357 1560 nostrorum
380 1530 428 1559 ac
449 1517 580 1560 tocius
609 1516 786 1558 miliciae
808 1515 959 1566 favore,
990 1516 1234 1558 iuramentis
1256 1516 1442 1558 omnium
1474 1529 1532 1558 ex
1562 1530 1700 1559 more

119 1574 338 1626 firmatam,
373 1574 710 1627 ordinavimus*),
742 1575 783 1615 et
803 1573 846 1614 in
869 1574 1185 1627 superveniente
1208 1576 1352 1622 estate,
1383 1575 1567 1628 tempore
1589 1575 1701 1616 vide-

116 1630 213 1674 licet
252 1645 333 1686 quo
363 1645 482 1686 reges
513 1632 564 1673 ad
600 1631 710 1674 bella
740 1631 874 1673 solent
902 1631 1142 1684 procedere,
1184 1631 1225 1672 in
1267 1631 1508 1673 fortitudine
1547 1645 1700 1686 magna

116 1689 280 1745 imperii
309 1690 440 1732 nostri
469 1690 598 1744 Alpes
628 1688 805 1731 transire
837 1688 1130 1742 disposuimus.
1189 1689 1282 1738 Eis,
1315 1701 1420 1742 quae
1451 1689 1500 1730 de
1531 1690 1698 1743 negocio

118 1746 290 1789 instanti
320 1747 580 1802 presentibus
611 1746 762 1800 legatis
792 1746 886 1787 viva
917 1758 1015 1788 voce
1046 1745 1220 1788 dicenda
1247 1746 1558 1798 mandavimus,
1596 1747 1699 1789 fides

125 1803 407 1847 indubitanter
436 1804 691 1846 adhibeatur.

155 1985 283 2043 XXlX.
327 1987 508 2056 Privileg
541 1986 776 2042 Friedrichs
810 1987 840 2043 Ι.
875 2002 928 2043 an
966 1986 1157 2042 Heinrich
1194 1985 1271 2041 den
1309 1984 1469 2050 Limen,
1505 1987 1651 2043 Goslar

675 2065 766 2122 inf.
800 2065 897 2122 Juni
933 2064 1122 2132 1154.**)

511 2152 785 2198 (Mecklenburg.
811 2152 1099 2187 Urkundenbuch
1123 2152 1152 2195 Ι,
1180 2154 1224 2186 46
1251 2151 1289 2197 f.)

229 2227 331 2274 [Otto
359 2228 448 2264 Fris.
475 2226 585 2262 Gesta
609 2227 656 2271 ΙΙ,
683 2239 711 2263 c.
743 2230 800 2263 11:
827 2227 953 2273 Itaque
977 2227 1187 2270 Frideficus,
1214 2227 1296 2261 dum
1321 2227 1392 2261 iam
1417 2227 1487 2261 fere
1511 2238 1573 2272 per
1596 2227 1693 2261 bien-

112 2275 210 2312 nium
245 2275 290 2311 ad
316 2275 544 2311 decidendam
571 2275 670 2310 litem
697 2275 843 2310 duorum
869 2275 1084 2320 principum,
1111 2275 1198 2318 sibi,
1226 2276 1266 2309 ut
1291 2274 1425 2309 dictum
1451 2276 1525 2317 est,
1551 2286 1591 2309 ex
1615 2285 1693 2319 pro-

111 2322 309 2370 pinquitate
337 2323 519 2368 sanguinis
535 2324 610 2357 tam
627 2322 796 2366 affinium,
822 2323 1027 2365 laborasset,
1046 2322 1190 2356 tandem
1207 2322 1353 2356 alterius
1369 2322 1552 2365 instantia,
1579 2322 1639 2367 qui
1655 2322 1693 2356 in

111 2371 295 2416 paternam
329 2370 579 2414 hereditatem,
613 2381 634 2404 a
661 2381 730 2416 qua
757 2370 818 2404 diu
843 2370 1028 2415 propulsus
1053 2370 1187 2413 fuerat,
1219 2368 1332 2404 redire
1358 2369 1537 2414 cupiebat,
1571 2369 1692 2413 flexus,

238 2475 270 2521 ²⁸)
295 2476 362 2511 Die
387 2476 646 2521 Beschwcrung
672 2476 733 2510 der
757 2476 946 2510 Romfahrt
969 2476 1053 2510 fand
1081 2476 1143 2510 auf
1165 2475 1242 2510 dem
1267 2475 1480 2519 Reichstage
1506 2486 1547 2509 zu
1571 2475 1693 2509 Wiirz-

113 2523 215 2568 burg,
243 2523 349 2558 Mit‘oe
375 2522 530 2558 Oktober
558 2526 646 2558 1152
673 2525 774 2559 statt.
814 2523 899 2558 Otto
924 2523 1012 2558 Fris.
1041 2523 1151 2557 Gesta
1175 2523 1222 2566 ΙΙ,
1250 2534 1277 2558 c,
1301 2525 1339 2557 7:
1373 2522 1546 2567 expeditio
1562 2522 1690 2557 Italica

112 2597 120 2606 .
142 2597 150 2606 .
170 2597 179 2606 .
203 2571 308 2616 paulo
324 2570 440 2605 minus
458 2582 564 2616 quam
583 2570 628 2605 ad
654 2570 740 2605 duos
767 2582 875 2605 annos
892 2570 1009 2605 iurata
1032 2572 1097 2605 est.
1140 2570 1228 2604 Dem
1246 2569 1500 2615 entsprechend
1517 2569 1691 2604 berichtet

117 2617 272 2652 derselbe
287 2617 335 2661 II,
362 2629 390 2654 c.
413 2621 475 2653 11:
499 2618 661 2663 princeps
679 2646 686 2652 .
708 2646 715 2653 .
736 2646 742 2653 .
763 2629 852 2652 anno
869 2618 968 2662 regni
994 2618 1048 2652 sui
1074 2617 1182 2652 tercio
1201 2619 1322 2661 (1154)
1347 2617 1384 2650 in
1409 2616 1592 2661 campania
1616 2617 1690 2651 Lici

148 2692 156 2700 .
184 2692 191 2700 .
218 2665 312 2700 circa
334 2665 544 2710 principium
569 2665 699 2699 mensis
716 2664 878 2699 Octobris
903 2665 1051 2699 militem
1076 2665 1112 2699 in
1131 2664 1275 2699 Italiam
1299 2664 1415 2698 iturus
1441 2663 1582 2707 collegit
1608 2692 1615 2699 .
1644 2692 1651 2699 .
1679 2691 1687 2699 .

109 2710 273 2747 finitis
291 2723 337 2747 ex
355 2723 442 2758 quo
458 2712 616 2746 iurata
631 2712 788 2746 fuerat
803 2712 943 2757 primo
961 2712 1198 2758 expeditio
1215 2723 1329 2756 pene
1347 2711 1522 2745 duobus
1548 2711 1688 2746 annis.

228 2758 286 2796 **)
311 2759 386 2793 Das
403 2758 563 2804 Original
589 2760 650 2794 der
665 2759 835 2793 Urkunde
859 2759 1015 2793 befindet
1038 2759 1115 2793 sich
1131 2759 1179 2793 im
1197 2757 1508 2802 Braunschweiger
1527 2756 1688 2792 Gesamt-

110 2805 230 2840 archiv
255 2817 298 2840 zu
320 2805 590 2849 Wolfenbiitteh
628 2806 678 2840 sie
710 2806 760 2840 ist
792 2806 980 2851 publiziert
1005 2806 1142 2840 worden
1167 2806 1204 2840 in
1231 2805 1296 2839 den
1323 2804 1485 2848 Origines
1511 2803 1687 2839 Guelfioae

111 2852 184 2888 und
201 2853 357 2888 darnach
374 2853 423 2887 im
439 2853 728 2897 Mecklenburger
742 2853 1040 2888 Urkundenbuch.
1074 2853 1236 2887 Dieselbe
1253 2853 1302 2886 ist
1319 2852 1433 2886 weder
1451 2851 1583 2886 datiert
1597 2852 1689 2886 noch

113 2899 381 2945 rekognosziert.
429 2900 485 2934 Da
508 2900 689 2935 Friedrich
714 2900 790 2935 sich
815 2900 868 2934 als
892 2911 952 2935 rex
976 2900 1195 2943 bezeichnet,
1233 2910 1329 2933 muss
1355 2898 1411 2933 die
1436 2898 1604 2934 Urkunde
1629 2910 1690 2934 vor

1409 2945 1462 2987 6*
