2098 3432
1594 306 1675 350 179

103 422 147 460 de
170 434 276 468 regno
301 423 420 458 nostro
445 424 605 468 superest
627 422 665 457 in
689 424 790 468 parte
814 422 878 458 illa
903 421 946 458 ‹le
970 433 1113 458 numero
1140 421 1488 469 archiepiscoporum,
1522 423 1582 469 qui
1609 436 1677 459 non

102 470 330 513 consenserit3
356 470 430 505 eius
456 471 574 504 tamen
599 470 811 514 suffraganei
837 481 955 504 omnes
980 472 1238 506 consenserunt.
1279 470 1397 516 Usque
1414 471 1460 505 ad
1479 482 1540 505 vos
1565 471 1677 506 solum

101 519 305 565 perventum
329 519 393 552 est.
457 517 543 562 (Der
568 516 651 552 Cod.
677 517 956 552 Vindobonensis
981 517 1062 562 fiigt
1086 517 1212 552 hinzu:
1262 517 1422 553 Nuncius
1447 518 1539 553 enim
1564 521 1679 553 vester

102 575 184 612 prae
248 564 320 599 itus
338 592 346 599 .
362 591 370 600 .
386 592 394 600 .
419 564 511 598 vices
527 566 664 599 vestras
681 564 883 599 cautissime
908 564 1044 610 peregit
1058 575 1122 598 nec
1138 575 1246 598 unum
1264 565 1413 609 locutus,
1439 565 1513 600 Deo
1529 565 1677 610 gratias,

103 622 170 659 quo
220 611 355 646 utinam
379 622 449 646 non
474 610 647 654 dixisset.)

218 669 407 705 Schreiben
431 669 560 715 Propst
583 669 772 704 Heinrichs
798 682 829 706 V.
847 670 1133 715 Berchtesgaden
1158 681 1203 704 an
1227 669 1411 705 Eberhard
1436 683 1466 705 v.
1486 670 1677 716 Salzburg:

38 719 41 726 '
101 716 371 755 considentibus
400 717 526 752 domno
547 716 767 770 patriarcha.
796 717 1066 763 archiepiscopis
1083 719 1119 752 et
1142 717 1358 752 diversarum
1383 719 1557 752 terrarum
1581 719 1679 753 fere

102 764 449 813 quinquaginta
484 764 738 810 episcopis,
776 764 904 809 legatis
938 776 1010 810 quo
1035 776 1077 799 ue
1114 765 1208 809 regis
1239 764 1407 799 Franciae
1443 767 1479 800 et
1513 765 1681 811 archiepi-

102 822 294 858 scoporum,
318 811 536 846 Arelatensis
562 810 708 854 scilicet,
732 811 989 856 Lugdunensis,
1048 811 1234 854 iennensis‚
1261 811 1442 846 Bisuntini
1469 814 1574 858 atque
1599 812 1681 847 Tre-

102 858 254 895 verensis
289 860 327 893 et
362 858 579 893 Rax'rennatis
617 858 729 893 electi.
758 886 766 894 .
794 887 802 894 .
834 858 1075 893 Interfuerunt
1110 859 1167 893 his
1206 858 1367 893 omnibus
1405 860 1678 905 metropolitani,

31 915 32 918 ’
102 906 249 943 domnus
264 905 477 952 patriarcha,
503 905 745 949 Maguntinus,
772 905 998 949 Coloniensis,
1023 905 1339 951 Magdeburgensis
1358 907 1463 952 atque
1480 907 1680 941 Bremensis

101 964 180 989 cum
204 952 477 989 nonnullis
503 952 735 997 suffraganeis
760 953 834 987 suis
859 955 896 987 et
919 953 1131 987 maxima
1165 963 1285 998 pars
1321 953 1680 1000 episcoporum

101 999 508 1046 Longobardiae,
534 1011 740 1044 quorum
765 1000 1680 1046 plurimiaffectuosumetplenarium

102 1047 374 1094 predictae
410 1046 813 1081 confirmationi
851 1047 1159 1082 tribuerunt
1197 1057 1474 1083 assensum.
1524 1048 1682 1082 Domnus

102 1105 182 1130 vero
212 1093 416 1141 patriarcha
450 1095 487 1128 et
520 1093 664 1139 quidam
690 1094 762 1137 alii,
801 1094 953 1128 salva
989 1094 1038 1128 in
1075 1095 1337 1140 posterum
1375 1095 1682 1130 catholicae

102 1141 397 1177 aecclesiae
423 1151 650 1184 censura,
676 1143 818 1187 propter
834 1143 1045 1176 memoratas
1064 1141 1201 1186 imperii
1217 1141 1446 1176 necessitates
1463 1142 1681 1178 obedierunt.

101 1188 413 1231 Absentesomnes,
425 1188 792 1234 quosprenotavimus,
804 1188 1146 1234 archiepiscopipro
1162 1199 1204 1222 se
1218 1190 1261 1222 et
1273 1188 1364 1222 suis
1378 1189 1683 1234 suffraganeis

101 1235 277 1318 ffinari
287 1247 306 1270 e
341 1246 361 1270 c
369 1246 388 1270 o
398 1246 421 1269 n
432 1246 450 1269 s
461 1246 509 1270 en
518 1246 535 1269 s
548 1246 567 1269 e
577 1246 595 1269 ι·
605 1246 626 1269 ιι
636 1246 659 1269 ιι
669 1236 702 1278 t,
729 1237 870 1281 excepto
894 1235 1114 1278 Treverense,
1140 1235 1211 1280 qui,
1237 1246 1315 1269 cum
1344 1235 1413 1270 iter
1437 1236 1598 1282 cepisset,
1633 1237 1684 1271 in-

179 1283 269 1318 itate
293 1282 515 1328 prepeditus,
551 1282 787 1317 excusatorias
819 1282 1063 1317 tantummodo
1088 1282 1228 1317 litteras
1262 1282 1447 1318 direxerat.
1495 1283 1681 1319 Presentes

104 1331 220 1366 autem
244 1329 320 1365 eius
345 1329 558 1374 suffraganei
576 1328 751 1364 Tullensis
776 1331 813 1364 et
828 1329 1067 1364 Verdunensis
1093 1340 1156 1375 pro
1181 1341 1217 1364 se
1243 1331 1279 1363 et
1303 1330 1591 1374 consuffraganeo
1618 1342 1682 1366 suo

102 1377 258 1412 Metense
287 1377 326 1412 in
360 1377 537 1421 integrum
569 1376 840 1422 spoponderunt.
889 1376 1019 1412 Domni
1051 1377 1360 1421 Babinbergensis,
1399 1377 1620 1413 Pataviensis
1647 1381 1684 1413 et

102 1423 368 1471 Rafisponensis
392 1423 633 1469 patriarcham
658 1426 743 1458 sunt
767 1424 912 1460 imitati.

218 1482 387 1527 Ragewin
421 1481 484 1526 IV,
522 1493 551 1518 e.
577 1485 642 1517 74:
706 1482 820 1517 Erant
857 1484 975 1517 autem
1013 1482 1238 1517 circiter
1287 1482 1685 1528 quinquaginta

104 1529 501 1576 archiepiscopi
528 1531 578 1564 et
601 1529 858 1575 episcopi3
891 1530 1060 1564 abbatum
1086 1531 1122 1564 et
1145 1530 1402 1575 prepositorum
1427 1541 1495 1565 non
1521 1533 1599 1565 erat
1623 1542 1684 1575 pre

102 1576 330 1613 multitudine
370 1576 559 1612 estimatio.
632 1576 819 1621 Legati
865 1588 1001 1623 quoque
1043 1577 1375 1611 diversarum
1425 1579 1683 1613 terrarum

105 1623 278 1706 aelel-ant}i
295 1624 516 1670 spondentes,
551 1623 719 1670 quicquid
745 1635 766 1658 a
791 1624 922 1669 synodo
954 1624 1134 1659 decretum
1165 1623 1267 1667 foret,
1292 1624 1538 1660 indubitanter
1563 1636 1584 1660 a
1610 1626 1685 1660 suis

103 1682 253 1719 reciplen
279 1682 349 1707 um.

217 1729 424 1765 Vincentius
461 1741 491 1766 ν.
530 1729 626 1774 Prag
661 1729 732 1775 (bei
765 1730 903 1775 Beginn
938 1731 999 1765 der
1037 1729 1270 1774 Sitzungen):
1330 1730 1420 1765 Plu
1434 1731 1551 1766 rimi
1588 1743 1643 1778 ep
1657 1732 1684 1766 i-

102 1787 120 1812 s
132 1788 152 1812 c
163 1788 184 1812 o
195 1777 244 1823 pi
289 1777 318 1811 L
330 1788 350 1811 o
362 1788 398 1812 m
409 1777 432 1812 b
446 1788 467 1812 a
481 1788 499 1811 r
512 1776 561 1811 di
575 1788 596 1811 a
608 1787 628 1812 e
675 1777 712 1812 in
750 1778 930 1813 absentem
966 1776 1166 1812 Rolandum
1203 1778 1416 1812 sententiam
1454 1790 1521 1813 non
1560 1779 1684 1814 debere

101 1823 198 1860 mitti
222 1826 417 1859 asserentes
443 1851 451 1860 .
478 1851 488 1860 .
513 1852 522 1859 .
561 1823 644 1866 (Am
668 1823 844 1869 Schlussz)
883 1825 962 1860 Hoc
987 1824 1263 1870 (Anerkennung
1287 1824 1444 1868 Viktors,
1470 1826 1685 1871 Ablehnung

102 1870 332 1954 luodxffidm)
391 1871 629 1917 episcopi
693 1871 911 1917 plurimi
969 1871 1301 1917 singillatim
1357 1871 1685 1918 interrogati

116 1929 162 1954 au
233 1920 262 1954 t.

219 1973 360 2010 Gerhoh
397 1986 429 2010 v.
454 1973 710 2018 Reichersberg
745 1973 836 2008 lasst
873 1973 929 2009 die
965 1973 1188 2018 Verteidiger
1212 1973 1356 2009 Viktors
1394 1986 1502 2020 sagen
1540 1975 1608 2019 (De
1632 1975 1685 2010 in-

102 2020 333 2066 vestigatione
356 2020 518 2057 Antichr.
543 2021 573 2065 1,
599 2033 628 2058 c.
656 2024 712 2064 57,
738 2020 916 2066 Schluss):
944 2020 1036 2064 „Ubi
1062 2020 1114 2066 (in
1139 2021 1270 2065 synodo
1296 2021 1475 2067 Papiensi)
1502 2024 1539 2058 et
1563 2023 1684 2058 ordine

102 2067 281 2104 electionis
314 2069 353 2103 et
383 2068 537 2114 qualiter
559 2068 597 2103 in
621 2068 769 2104 ecclesia
791 2069 889 2103 beati
914 2068 1010 2103 Petri
1035 2068 1121 2114 ipse,
1160 2068 1279 2103 nullus
1306 2069 1408 2112 alius,
1449 2070 1682 2105 immantatus

101 2116 140 2150 et
149 2115 407 2151 inthronizatus
432 2117 498 2159 est,
525 2115 715 2160 diligenter
740 2116 908 2162 exposito,
934 2115 1097 2150 videlicet
1116 2116 1180 2150 sub
1199 2115 1429 2151 iurisiurandi
1447 2117 1682 2163 probabilium

102 2162 321 2198 saoerdomm
349 2164 387 2198 et
421 2162 569 2198 aliorum
602 2164 663 2209 qui
698 2163 886 2198 interfuere
919 2162 1123 2197 clericorum
1149 2163 1389 2206 attestatione,
1424 2166 1558 2199 semota
1590 2164 1683 2199 omni

101 2209 194 2245 laica
216 2209 383 2264 violentia
407 2210 641 2264 seu-iudicio,
661 2210 699 2245 in
715 2221 843 2256 papam
869 2210 1080 2264 catholicum
1105 2210 1272 2264 ecclesiae
1297 2210 1491 2246 catholicae
1516 2222 1537 2246 a
1559 2212 1685 2257 quin-

102 2267 232 2339 }130311‘3
243 2258 360 2339 3¹:122
374 2315 393 2338 1
406 2268 487 2339 {1153
499 2269 517 2339 ἰ
530 2269 549 2340 ἓ
561 2269 742 2349 Οωὲιίοῗιιοῗ
755 2258 936 2349 tagssittsss
946 2268 991 2339 θέ
1003 2257 1330 2340 ἱέὲεῖἐιὲἔηέζεὲῗ
1345 2268 1365 2291 ³
1378 2259 1450 2340 a}
1463 2259 1519 2340 ’Ξὲ
1533 2270 1606 2349 ni
1623 2270 1683 2340 ‘3:11

103 2350 240 2397 quiunt,
265 2351 511 2386 schismaticus
527 2351 724 2395 Rulandus,
750 2352 811 2398 qui
837 2352 1040 2387 duodecimo
1066 2353 1148 2397 post
1171 2363 1282 2397 papae
1298 2352 1452 2387 Victoris
1479 2353 1680 2388 electionem

102 2399 140 2433 et
166 2397 470 2434 immantationem
507 2399 563 2434 die
595 2399 689 2445 apud
725 2399 904 2435 Cisternas
939 2399 1096 2433 intrusus
1129 2401 1194 2442 est,
1227 2399 1271 2433 ab
1305 2399 1381 2444 ipso
1418 2399 1560 2434 Victore
1592 2412 1684 2446 papa

102 2446 140 2480 et
165 2445 411 2480 universo
444 2446 698 2490 concilio,
737 2447 913 2482 tribus
945 2446 1206 2481 duntaxat
1241 2457 1290 2480 se
1323 2447 1684 2482 subtrahenti-

102 2491 126 2527 b
139 2503 164 2527 u
176 2503 194 2527 s
230 2503 249 2528 e
261 2492 310 2539 pi
326 2503 343 2527 s
355 2503 375 2527 c
388 2503 407 2527 o
419 2493 499 2539 pis
514 2521 522 2537 ‚
559 2494 877 2529 excommunicatus
910 2495 998 2529 est.“
1050 2492 1105 2528 An
1132 2493 1278 2528 anderer
1302 2492 1421 2536 SteIle,
1462 2505 1490 2528 c.
1518 2497 1574 2537 60,
1601 2497 1683 2539 sagt

104 2537 244 2575 Gethoh
278 2539 406 2575 selbst:
443 2539 512 2575 Sed
549 2551 661 2586 neque
693 2540 907 2576 Octavianus
944 2540 1194 2575 consultationi
1232 2540 1370 2575 concilii
1409 2540 1580 2587 interfuit,
1620 2541 1681 2575 sed

103 2585 241 2632 quando
265 2586 303 2622 in
329 2587 404 2622 eius
428 2587 632 2622 electionem
658 2599 679 2622 a
703 2588 869 2632 coneilio,
905 2587 1080 2623 tribus
1116 2587 1351 2632 exceptis
1389 2588 1680 2634 episcopis,

7 2625 34 2671 'a
102 2643 307 2669 eonsensum
330 2635 396 2678 est,
422 2635 507 2669 tunc
530 2634 643 2680 primo
668 2635 706 2670 in
730 2635 916 2670 concilium
940 2634 1176 2679 introgressus
1202 2637 1267 2669 est.

218 2690 304 2728 Otto
340 2692 485 2727 Morena
533 2693 636 2738 (kaie.
675 2693 906 2728 Pfalzrichter
954 2705 995 2728 zu
1045 2693 1167 2736 Lodi):
1229 2693 1492 2728 Communicato
1538 2694 1682 2728 consilio

103 2738 370 2820 praedicti
399 2740 752 2794 ‘patriarchae
789 2742 838 2776 et
873 2752 1042 2776 novem
1082 2740 1599 2786 archiepiscoporum
1634 2743 1682 2775 et

328 2797 348 2822 e
396 2798 409 2822 1
423 2798 441 2821 s
455 2798 475 2822 c
486 2798 506 2822 o
555 2798 575 2822 o
589 2798 607 2822 r
619 2799 643 2822 u
653 2799 699 2823 m.

219 2831 311 2869 Ann.
397 2834 421 2869 l.
458 2798 573 2869 Mag:
637 2834 667 2870 Ο
680 2846 716 2869 m
729 2847 753 2870 n
765 2846 784 2869 e
797 2846 814 2870 s
851 2835 1016 2881 episcopi,
1050 2834 1111 2880 qui
1148 2835 1302 2880 presenti
1339 2835 1483 2870 concilio
1521 2835 1679 2878 aderant,

18 2861 31 2883 ἰ’
103 2877 324 2916 Ruolandum
347 2881 729 2917 excommunicaverant
752 2884 790 2917 et
813 2881 1045 2918 Octavianum
1069 2892 1131 2927 pro
1157 2882 1347 2927 apostolico
1372 2885 1611 2928 susceperunt.

219 2926 331 2972 Boso,
367 2927 454 2963 Vita
488 2928 608 2965 Alex:
664 2929 715 2964 Ut
750 2940 809 2964 eos
824 2957 832 2973 ‚
871 2929 931 2975 qui
968 2930 1212 2973 convenerant,
1253 2929 1299 2963 ad
1335 2929 1447 2975 ipsius
1489 2928 1677 2964 Octaviani

1371 2977 1451 3017 12*
