2098 3432
1651 274 1736 317 295

158 384 299 426 autem
335 385 593 426 sacramento
633 397 816 427 asserere
856 387 1040 436 tenetur,
1083 399 1166 429 non
1195 387 1360 442 propria
1389 388 1621 439 voluntate,
1663 389 1735 432 sed

157 441 300 496 inpetu
332 441 428 494 equi
457 441 600 483 villam
631 443 822 493 intrasse,
853 443 1035 496 alioquin
1066 444 1240 486 violator
1268 445 1382 499 pacis
1414 444 1502 487 erit.

272 499 309 539 6.
341 497 387 540 Si
417 498 511 552 quis
541 498 650 540 hanc
678 512 824 554 pacem
854 500 1073 543 homicidio
1103 500 1335 555 infregerit,
1377 502 1411 544 si
1450 502 1630 557 capitur,
1669 515 1736 544 ca-

155 554 328 610 pitalem
359 555 611 597 sentent-iam
643 556 807 598 subibit.

273 614 310 654 7.
342 611 387 654 Si
417 612 600 666 aliquem
629 614 921 665 vulneraverit,
952 627 1102 656 manus
1133 615 1221 657 eius
1253 618 1504 670 amputetur.

272 670 310 711 8.
342 668 387 712 Si
415 682 513 712 reus
543 672 780 725 perpetrato
810 671 1011 714 maleficio
1043 671 1242 726 effugerit,
1273 686 1346 727 per
1375 674 1506 715 trinas
1538 675 1736 727 quatuor-

157 725 290 768 decim
319 726 480 769 dierum
509 727 698 770 inducias
728 728 889 770 citetur.

271 785 310 825 9.
341 783 386 826 si
425 785 602 835 venerit,
642 785 820 840 septima
858 798 987 828 manu
1026 799 1070 828 se
1111 789 1328 842 expurget,
1368 788 1448 829 nisi
1478 787 1582 830 forte
1613 788 1736 830 occisi

155 840 220 884 vel
261 841 467 883 vulnerati
513 842 663 896 aliquis
708 843 866 885 amicus
913 856 1010 885 eum
1063 843 1201 886 duello
1252 857 1377 899 super
1425 845 1502 887 hoc
1550 845 1735 900 inpetere

156 897 342 940 voluerit.

274 955 339 998 10.
370 955 420 997 In
452 968 534 1010 quo
564 956 599 998 si
630 956 843 1007 ceciderit,
885 959 1102 1000 accusatus
1141 957 1192 1000 de
1229 959 1450 1001 homicidio
1495 960 1597 1001 collo
1627 960 1736 1014 plec-

155 1013 290 1062 tatur;
311 1012 362 1055 de
383 1012 581 1055 effusione
602 1014 817 1068 sanguinis
839 1016 1059 1056 accusatus
1081 1015 1115 1056 si
1137 1015 1340 1066 ceciderit,
1361 1029 1534 1058 manum
1556 1017 1736 1058 amittat.

274 1071 338 1112 11.
371 1069 416 1113 Si
453 1071 662 1114 homicida
696 1071 762 1114 vel
801 1072 1039 1114 vulnerator
1077 1073 1119 1114 in
1156 1073 1263 1115 facto
1295 1073 1579 1127 deprehensus
1610 1073 1736 1116 fuerit

157 1127 200 1170 et
226 1127 493 1182 pretenderit,
523 1128 636 1182 quod
664 1129 743 1170 hoc
771 1129 814 1170 in
845 1129 1082 1172 defensione
1113 1130 1196 1172 vite
1227 1143 1300 1172 sue
1331 1131 1483 1181 fecerit,
1516 1143 1611 1172 cum
1635 1131 1733 1173 viris

157 1184 274 1227 bonis
304 1186 347 1227 et
374 1185 560 1240 probatis
590 1185 767 1240 septima
797 1199 924 1228 manu
957 1199 1000 1228 se
1032 1189 1249 1242 expurget,
1290 1187 1369 1229 nisi
1398 1188 1582 1242 predicto
1613 1188 1734 1230 modo

157 1241 316 1284 amicus
344 1242 466 1284 occisi
494 1243 560 1285 vel
589 1243 796 1285 vulnerati
827 1256 924 1285 eum
954 1244 1091 1286 duello
1122 1245 1360 1287 convincere
1390 1245 1578 1287 voluerit.

273 1311 337 1352 12.
369 1310 414 1354 Si
436 1312 529 1365 quis
551 1312 734 1366 aliquem
764 1313 1043 1367 expoliaverit,
1074 1313 1287 1356 confessus
1309 1316 1384 1356 aut
1403 1314 1498 1356 inde
1521 1315 1735 1357 convictus

157 1367 297 1410 ablata
325 1369 484 1423 integre
513 1369 711 1412 restituat
741 1372 782 1411 et
811 1370 936 1412 iudici
968 1373 1207 1425 componat;
1240 1372 1274 1413 si
1305 1371 1481 1414 voluerit
1503 1372 1736 1426 expurgari,

158 1425 246 1468 sola
273 1438 403 1468 manu
433 1438 477 1469 se
511 1429 722 1481 expurget.

274 1483 339 1525 13.
371 1483 416 1526 Si
444 1484 730 1527 malefactores
767 1485 952 1538 legitime
991 1485 1105 1527 citati
1146 1486 1197 1528 ad
1237 1487 1379 1528 ternas
1409 1486 1596 1528 inducias
1636 1499 1737 1540 qua-

156 1539 386 1584 tuordecim
415 1541 576 1584 dierum
605 1542 743 1584 venire
765 1543 1100 1597 contempserint,
1130 1543 1210 1598 ipsi
1232 1547 1273 1585 et
1294 1556 1437 1586 eorum
1457 1547 1735 1598 receptatores

157 1609 232 1640 seu
261 1597 446 1653 hospites
475 1599 543 1641 vel
572 1599 699 1641 etiam
728 1599 911 1642 fautores
931 1600 1251 1655 proscribantur,
1281 1601 1361 1643 nisi
1383 1601 1433 1643 de
1454 1601 1531 1643 hoc
1553 1602 1735 1643 accusati

159 1655 248 1697 sola
275 1667 404 1698 manu
434 1668 479 1698 se
510 1657 840 1711 expurgaverint.

274 1714 338 1754 14.
375 1713 539 1756 Iudices
579 1714 896 1756 malefactorum
935 1714 1232 1770 proscriptores
1276 1715 1326 1756 ad
1365 1715 1618 1770 presentiam
1659 1716 1735 1756 im-

156 1771 358 1824 peratoris
389 1769 540 1813 debent
570 1771 708 1814 venire
739 1775 781 1814 et
811 1784 836 1814 a
866 1784 943 1814 sua
973 1772 1193 1814 clementia
1222 1773 1442 1827 postulare,
1474 1775 1522 1814 ut
1543 1773 1635 1815 illos
1657 1785 1734 1815 sua

158 1826 388 1882 proscribat
418 1828 678 1871 auctoritate.

274 1886 338 1926 15.
366 1884 609 1928 Probabunt
639 1887 766 1929 etiam
796 1899 893 1929 cum
923 1888 1085 1941 septem
1114 1886 1222 1937 viris,
1252 1888 1394 1928 ternas
1416 1886 1731 1940 quatuordecim

157 1941 319 1984 dierum
348 1942 535 1985 inducias
566 1945 608 1986 et
638 1956 782 1986 earum
813 1944 1043 1998 quamlibet
1074 1944 1130 1986 eis
1160 1944 1346 1997 legitime
1377 1944 1497 1986 datas
1533 1943 1674 1986 fuisse.

274 2000 340 2041 16.
371 1999 416 2042 Si
444 2013 541 2043 vero
570 2001 789 2056 proscripti
818 2001 862 2043 in
882 2001 1178 2056 proscriptione
1199 2001 1461 2056 imperatoris
1482 2014 1555 2055 per
1577 2014 1733 2043 annum

159 2057 202 2098 et
229 2055 341 2098 diem
369 2057 542 2109 fuerint,
581 2059 742 2113 exleges
783 2061 906 2100 erunt
946 2060 987 2100 et
1029 2059 1140 2100 omni
1178 2059 1256 2100 iuri
1289 2059 1339 2100 de
1370 2060 1505 2100 cetero
1537 2059 1736 2100 carebunt

158 2125 234 2156 nec
260 2113 328 2156 ius
358 2114 526 2169 aliquod
554 2115 598 2157 in
628 2116 836 2158 beneficiis
868 2118 911 2158 et
941 2115 1101 2158 allodiis
1132 2116 1356 2158 habebunt.

275 2172 339 2213 17.
369 2171 526 2215 Taliter
553 2173 804 2229 proscriptos
833 2186 910 2216 nec
939 2174 1164 2228 imperator
1193 2187 1270 2216 nec
1298 2173 1421 2215 iudex
1452 2173 1557 2215 alius
1589 2186 1613 2214 a
1642 2186 1735 2227 pro-

157 2227 377 2284 scriptione
407 2230 618 2273 absolvere
650 2230 783 2282 debet,
814 2231 895 2273 nisi
923 2231 1040 2286 prius
1072 2231 1199 2273 actori
1230 2230 1488 2273 satisfecerit.

273 2287 338 2328 18.
367 2286 553 2330 Violator
581 2288 696 2343 pacis
727 2301 752 2330 a
780 2288 914 2331 iudice
954 2289 1106 2330 citatus
1148 2288 1199 2330 ad
1229 2288 1428 2330 iudicium
1466 2287 1606 2330 veniat
1637 2301 1732 2329 cum

155 2342 330 2398 triginta
373 2344 521 2399 gladiis
563 2347 731 2387 tantum
760 2359 838 2388 nec
866 2346 1006 2401 plures
1048 2358 1175 2399 quam
1212 2345 1438 2395 XXVIIII,
1483 2347 1532 2386 ut
1561 2345 1648 2399 ipse
1680 2345 1734 2386 sit

158 2399 409 2452 tricesimus,
448 2414 589 2445 secum
626 2403 797 2454 habeat,
838 2403 910 2457 qui
938 2403 1056 2445 nulla
1087 2415 1203 2444 arma
1231 2404 1369 2457 preter
1399 2402 1556 2456 gladios
1587 2401 1733 2443 ferant.

156 2455 206 2499 In
227 2458 394 2501 arbitrio
413 2459 560 2502 iudicis
582 2460 647 2510 sit,
669 2462 771 2514 quot
791 2461 979 2503 homines
1005 2463 1046 2502 et
1070 2473 1151 2514 que
1173 2473 1289 2502 arma
1310 2460 1462 2502 habere
1482 2459 1671 2501 voluerit.
1691 2460 1730 2510 *)

274 2516 339 2558 19.
367 2515 530 2559 Iudices
559 2517 638 2572 ipsi
669 2517 705 2560 si
735 2518 917 2572 aliquem
957 2521 1100 2560 contra
1128 2518 1253 2559 huius
1283 2517 1395 2572 pacis
1428 2516 1732 2558 institutionem

155 2571 326 2614 leserint
354 2573 420 2616 vel
449 2574 571 2616 alicui
600 2575 786 2617 iniuriati
817 2575 991 2623 fuerint,
1030 2575 1080 2616 de
1111 2587 1154 2617 se
1185 2574 1284 2630 ipsis
1324 2574 1527 2615 iustitiam
1568 2573 1732 2623 faciant,

157 2628 340 2684 alioquin
361 2632 558 2685 gravatus
578 2632 752 2674 liberam
773 2633 924 2675 habeat
944 2634 1194 2687 potestatem
1216 2644 1340 2686 super
1361 2644 1408 2673 eo
1431 2630 1731 2684 querimoniam

155 2687 347 2730 movendi
377 2701 516 2731 coram
545 2689 670 2732 iudici
698 2690 909 2745 superiori.

269 2745 338 2787 20.
369 2745 414 2788 Si
443 2747 578 2789 viator
607 2747 798 2800 equitans
828 2760 996 2790 necesse
1017 2747 1210 2789 habuerit
1229 2758 1395 2801 pascere
1418 2758 1573 2799 equum
1594 2757 1732 2795 suum,

276 2890 309 2946 f)
333 2891 413 2936 Vgl.
441 2891 656 2927 Constitutio
682 2890 725 2926 de
749 2903 834 2937 pace
858 2892 1010 2927 tenenda
1035 2891 1112 2927 Art.
1143 2892 1204 2927 15!
