2098 3432
1639 278 1722 320 305

153 387 392 430 sterialibus
420 387 486 430 vel
517 400 860 442 quorumcunque
890 389 1123 444 principum
1153 390 1353 442 clientela,
1384 391 1456 445 qui
1485 391 1651 434 cottidie
1672 392 1724 434 ad

39 419 52 484 ᾗ
95 497 97 499 ¹
154 444 418 488 serviendum
446 444 583 499 parati
612 457 702 487 esse
732 445 894 496 debent,
924 446 1160 498 statuimus,
1190 450 1240 490 ut
1270 448 1504 502 quicunque
1534 449 1572 490 V
1606 461 1725 491 man-

153 514 221 546 sos
249 501 295 544 in
334 501 530 544 beneficio
570 502 858 557 possideant³‘‚
902 503 1066 546 domino
1111 517 1206 555 suo,
1251 505 1303 547 ad
1342 519 1467 559 quem
1505 506 1724 561 pertinent,

54 577 59 590 =·
151 559 345 604 bruniam
373 572 471 602 cum
499 572 583 602 uno
615 560 794 602 scutario
824 560 989 603 ducant.
998 563 1026 595 b)

235 637 239 640 ·
267 618 306 659 6.
334 614 390 659 Et
418 617 496 660 hoc
523 617 568 658 in
606 617 773 659 arbitrio
811 617 1072 660 dominorum
1110 619 1305 673 pendeat,
1348 633 1450 674 quos
1490 621 1659 671 ducant,
1700 634 1724 662 a

154 674 305 729 quibus
335 674 541 730 stipendia
571 674 784 730 accipiant,
816 676 966 728 quibus
979 678 1004 709 e)
1035 676 1276 730 halspergas
1307 677 1543 719 concedant.

123 769 126 772 ,
270 734 307 774 ’7.
335 731 444 787 Ipsis
476 732 603 774 etiam
633 732 686 774 ad
713 731 873 775 itineris
902 733 1234 788 preparationem
1254 733 1293 775 V
1322 735 1424 776 libre
1456 748 1528 777 sue
1558 740 1724 778 monete

153 789 198 832 in
226 789 478 844 stipendium
515 789 773 840 tribuantur,
816 793 858 831 et
887 790 967 832 duo
999 791 1105 844 equi,
1136 804 1245 833 unus
1275 805 1460 843 currens,
1505 793 1608 834 alter
1639 805 1726 834 am-

153 846 320 898 bulans,
364 846 588 898 addantur,
633 859 681 890 ac
717 846 877 889 duobus
917 849 1034 890 sociis
1074 849 1307 891 soumarius
1346 849 1552 892 victilibus
1563 851 1592 881 (1)
1622 850 1725 892 bene

154 905 350 1004 ongpgdtps
379 904 675 956 committatur,
706 904 778 958 qui
808 905 859 947 ab
890 905 990 959 ipsis
1021 906 1073 948 ad
1103 918 1206 960 opus
1226 906 1487 949 dominorum
1509 907 1727 960 diligenter

154 974 206 1004 cu
305 961 425 1004 atur.
1438 994 1440 996 -

270 1020 309 1061 8.
337 1019 425 1074 Ipsi
464 1031 629 1073 quoque
668 1019 712 1060 in
750 1019 1012 1062 dominorum
1051 1021 1211 1063 tamdiu
1250 1022 1391 1064 vivant
1429 1023 1726 1076 procuratione,

155 1075 355 1131 quamdiu
382 1077 427 1118 in
454 1077 623 1132 incepta
651 1076 806 1119 vadant
836 1077 1105 1132 expeditione.

269 1135 308 1177 9.
337 1134 394 1176 Et
422 1134 620 1188 quicquid
651 1147 675 1176 a
704 1134 926 1177 rebellibus
969 1136 1147 1190 regnise)
1187 1136 1410 1191 pugnando
1452 1137 1727 1190 acquisierint,

155 1193 294 1247 partes
324 1191 428 1235 duas
446 1192 473 1227 f)
503 1192 554 1234 ad
584 1191 771 1234 dominos
802 1192 999 1243 deferant,
1041 1194 1213 1235 terciam
1242 1194 1317 1236 sibi
1349 1207 1422 1248 pro
1452 1194 1727 1236 consolatione

154 1249 370 1292 retineant.
429 1248 542 1301 Quos
573 1251 714 1291 autem
742 1262 826 1292 non
854 1255 1032 1304 pascunt
1062 1251 1236 1301 domini,
1280 1251 1330 1292 ad
1367 1252 1477 1306 ipsos
1518 1253 1727 1306 reportent

155 1307 328 1358 terciam
357 1310 520 1362 partem
550 1306 616 1348 sui
646 1307 848 1361 acquisiti.

272 1365 338 1407 10.
369 1363 532 1418 Singuli
562 1377 657 1407 vero
686 1365 891 1420 principes
932 1378 1028 1407 suos
1069 1365 1249 1407 habeant
1286 1365 1556 1408 officionarios
1567 1367 1595 1399 g)
1639 1379 1729 1419 spe—

157 1421 300 1473 ciales,
336 1422 630 1472 marscalcum,
671 1422 924 1477 dapiferum,
955 1423 1195 1477 pincernam
1234 1425 1275 1465 et
1304 1423 1593 1465 kamerarium.
1649 1422 1729 1474 Qui

155 1479 264 1530 1111,
305 1481 459 1533 quanto
498 1479 593 1534 plus
634 1481 733 1522 sunt
770 1481 1014 1530 laboraturi,
1053 1482 1170 1523 tanto
1209 1481 1302 1535 plus
1341 1481 1383 1522 in
1424 1480 1646 1535 stipendio,
1689 1482 1728 1522 in

155 1537 322 1588 vestitu,
340 1537 386 1579 in
406 1537 598 1591 equitura
608 1539 637 1571 ἢ)
659 1550 731 1592 pre
753 1538 899 1580 ceteris
922 1540 1020 1580 sunt
1040 1538 1279 1589 honorandi,
1301 1538 1454 1580 scilicet
1470 1538 1691 1591 imicuique
1707 1539 1730 1573 i)

156 1594 333 1636 istorum
361 1594 402 1636 X
429 1595 532 1636 libre
563 1607 659 1636 cum
687 1595 820 1637 tribus
852 1595 969 1649 equis
999 1596 1257 1646 tribuantur,
1300 1600 1473 1649 quartus
1503 1596 1728 1637 marscalco

158 1651 346 1703 addatur,
377 1665 554 1706 quorum
573 1666 706 1694 unum
734 1653 785 1695 ad
805 1653 1143 1707 precurrendum,
1177 1654 1354 1695 alterum
1377 1653 1427 1695 ad
1448 1653 1730 1707 pugnandum,

157 1708 333 1767 tercium
362 1709 414 1752 ad
445 1709 722 1764 spatiandum,
754 1713 951 1764 quartum
982 1711 1032 1752 ad
1063 1711 1230 1753 loricam
1262 1711 1522 1766 portandum.

275 1769 338 1808 11.
374 1767 451 1809 Isti
491 1780 587 1809 vero
626 1768 730 1810 tales
774 1781 987 1810 remanere
1026 1769 1260 1823 cupientes,
1308 1770 1342 1810 si
1389 1768 1498 1822 apud
1544 1768 1730 1809 dominos

159 1825 379 1879 impetrare
406 1825 581 1875 valeant,
613 1828 714 1879 quot
740 1838 907 1868 mansos
939 1826 1187 1880 possideant,
1217 1829 1279 1868 tot
1309 1826 1435 1867 libras
1466 1838 1539 1867 sue
1565 1828 1730 1866 monete

159 1881 223 1924 vel
252 1883 390 1924 totum
419 1882 601 1924 fructum
631 1883 737 1924 feodi
769 1884 810 1924 in
841 1884 910 1925 illo
942 1896 1048 1926 anno
1078 1897 1150 1938 pro
1182 1883 1384 1938 stipendio
1414 1883 1663 1938 persolvant.

276 1941 341 1980 12.
370 1940 431 1983 Ut
460 1942 601 1982 autem
630 1942 858 1982 nostrumk>
899 1941 1119 1995 imperium
1151 1942 1202 1982 ab
1233 1941 1422 1982 omnibus
1454 1941 1604 1982 habeat
1634 1953 1731 1994 sup—

157 1997 434 2052 plementum,
474 1998 552 2040 hoc
591 1998 882 2040 constituimus
921 2001 963 2040 et
991 1999 1164 2040 firmiter
1194 1999 1459 2053 precipimus,
1500 2001 1548 2039 ut
1578 1998 1730 2050 singuli

158 2054 353 2108 buringil)
383 2054 525 2097 decem
546 2069 640 2097 cum
661 2056 744 2097 ΧΠ
763 2055 931 2098 funibus
953 2056 1002 2097 de
1025 2058 1220 2110 canapoffl)
1251 2055 1401 2098 solidos
1439 2055 1614 2097 dominis
1645 2055 1732 2096 suis

158 2111 402 2167 impendant
423 2115 465 2155 et
483 2113 654 2167 insuper
676 2114 934 2155 soumarium
956 2127 1050 2155 cum
1082 2113 1258 2168 capistro
1269 2114 1300 2148 ¹¹)
1330 2113 1565 2162 concedant,
1597 2125 1731 2166 quem,

159 2168 194 2211 si
225 2168 379 2211 domini
408 2170 629 2221 voluerint,
667 2171 746 2225 ipsi
777 2171 829 2212 ad
858 2172 1035 2226 primam
1066 2171 1256 2212 navalem
1288 2183 1441 2224 aquam
1478 2183 1609 2223 usque
1640 2182 1732 2224 per-

159 2225 324 2268 ducant.
383 2227 686 2270 Mansionarius
717 2228 755 2269 V
786 2229 948 2279 solidos,
999 2229 1183 2270 absarius
1214 2229 1333 2269 XXX
1364 2228 1564 2278 denarios,
1596 2228 1733 2268 bunu-

159 2283 307 2336 ariuso)
336 2284 426 2334 XV,
456 2286 735 2339 quorumlibet
764 2287 936 2327 larump)
967 2298 1224 2340 possessores
1254 2286 1313 2327 VI
1345 2286 1575 2340 suppleant.

272 2341 327 2383 Et
345 2343 395 2384 ut
414 2343 491 2384 hec
509 2343 641 2385 nostri
661 2343 813 2385 decreti
835 2344 1059 2386 auctoritas
1089 2344 1365 2385 inviolabilem
1387 2346 1428 2384 et
1447 2343 1729 2396 incorruptam

126 2416 128 2418 ’
158 2398 202 2440 in
232 2398 298 2440 dei
325 2400 492 2442 nomine
524 2400 632 2455 apud
672 2413 815 2443 omnes
856 2413 1112 2443 successores
1150 2403 1311 2443 nostros
1349 2401 1533 2442 obtineat
1573 2400 1732 2441 emuni-

159 2458 302 2514 tatem,
322 2457 481 2500 cunctis
501 2458 765 2512 principibus,
787 2459 858 2512 qui
880 2459 1062 2507 aderant,
1079 2458 1403 2512 astipulantibus
1423 2470 1551 2498 manu
1567 2457 1732 2511 propria

160 2513 302 2578 subter
340 2526 434 2556 eam
471 2516 661 2557 roborare
702 2515 958 2558 decrevimus
997 2518 1038 2557 et
1078 2516 1190 2557 anuli
1220 2516 1350 2558 nostri
1381 2515 1497 2568 signo
1530 2515 1730 2567 assignari

160 2583 368 2614 iussimus.

276 2628 452 2683 Signum
473 2630 616 2672 Karoli
637 2631 700 2684 (L.
713 2630 786 2685 M.)
809 2630 1093 2684 gloriosissimi
1115 2630 1234 2683 regis.
1278 2629 1516 2671 Hernustus
1545 2629 1732 2670 notarius

278 2714 312 2758 a)
350 2716 388 2749 2:
413 2714 601 2760 possideat.
650 2715 687 2761 b)
726 2718 764 2750 ⁴2:
797 2715 912 2751 ducat.
972 2718 1001 2758 c)
1039 2716 1156 2749 Pertz:
1196 2715 1322 2760 quibus
1347 2715 1465 2749 etiam.
1516 2714 1551 2759 d)
1580 2717 1600 2748 2
1627 2726 1658 2749 u.
1686 2717 1729 2748 6:

160 2759 380 2797 victualibus.
441 2764 474 2805 e)
501 2766 571 2797 ba:
597 2763 706 2807 regni.
763 2763 791 2808 f)
831 2766 851 2797 ‘2
877 2774 910 2798 u.
936 2766 974 2797 6:
1003 2762 1090 2797 duas
1115 2764 1243 2807 partes.
1300 2762 1336 2806 g)
1364 2762 1484 2796 Pertz:
1511 2760 1731 2796 officinarios.

161 2806 199 2852 b)
237 2809 278 2842 2:
313 2808 524 2854 equitatura.
586 2810 610 2852 i)
650 2814 720 2845 5a:
759 2810 894 2844 scilicet
927 2812 963 2844 et
998 2810 1192 2854 unicuique.
1245 2810 1278 2851 k)
1318 2812 1356 2843 6:
1395 2808 1438 2844 U.
1478 2820 1507 2843 a.
1549 2808 1664 2853 regale
1698 2819 1731 2842 n.

160 2853 188 2907 l)
213 2867 256 2886 =
280 2855 481 2900 burgenses.
530 2857 579 2901 m)
613 2857 719 2893 Hans.
769 2859 806 2899 n)
832 2857 981 2892 Halfter.
1034 2858 1065 2897 ο)
1100 2867 1243 2890 mansus
1261 2869 1304 2888 z:
1321 2856 1423 2898 Hufe,
1452 2856 1535 2890 absa
1561 2855 1633 2890 und
1658 2856 1734 2890 bui-

160 2901 298 2936 uarium
321 2902 473 2938 kleinere
497 2903 708 2940 Feldmasse.
758 2905 794 2950 p)
823 2908 891 2939 5a:
917 2904 1054 2938 larium.

235 2969 395 3003 nabori,
416 2971 539 3000 Menum.
562 2971 694 2998 German.
716 2972 819 2998 selecta
839 2974 866 2998 4.
1455 2952 1511 2992 20
