<?xml version="1.0" encoding="UTF-8"?>
<!DOCTYPE html PUBLIC "-//W3C//DTD XHTML 1.0 Transitional//EN"
    "http://www.w3.org/TR/xhtml1/DTD/xhtml1-transitional.dtd">
<html xmlns="http://www.w3.org/1999/xhtml" xml:lang="en" lang="en">
 <head>
  <title>
</title>
<meta http-equiv="Content-Type" content="text/html;charset=utf-8" />
  <meta name='ocr-system' content='tesseract 3.04.00' />
  <meta name='ocr-capabilities' content='ocr_page ocr_carea ocr_par ocr_line ocrx_word'/>
</head>
<body>
  <div class='ocr_page' id='page_1' title='image "./monumentagermani04doebuoft_0046.png"; bbox 0 0 2098 3432; ppageno 0'>
   <div class='ocr_carea' id='block_1_1' title="bbox 482 295 535 334">
    <p class='ocr_par' dir='ltr' id='par_1_1' title="bbox 482 295 535 334">
     <span class='ocr_line' id='line_1_1' title="bbox 482 295 535 334; baseline 0.019 -1"><span class='ocrx_word' id='word_1_1' title='bbox 482 295 535 334; x_wconf 81' lang='lat'><strong>32</strong></span> 
     </span>
    </p>
   </div>
   <div class='ocr_carea' id='block_1_2' title="bbox 476 399 2072 513">
    <p class='ocr_par' dir='ltr' id='par_1_2' title="bbox 476 399 2072 513">
     <span class='ocr_line' id='line_1_2' title="bbox 588 399 2066 458; baseline 0.001 -13"><span class='ocrx_word' id='word_1_2' title='bbox 588 404 785 445; x_wconf 82' lang='lat' dir='ltr'>Auditum</span> <span class='ocrx_word' id='word_1_3' title='bbox 825 406 887 446; x_wconf 88' lang='lat' dir='ltr'><strong>est</strong></span> <span class='ocrx_word' id='word_1_4' title='bbox 924 405 966 445; x_wconf 91' lang='lat' dir='ltr'><strong>in</strong></span> <span class='ocrx_word' id='word_1_5' title='bbox 1004 406 1112 445; x_wconf 89' lang='lat' dir='ltr'><strong>terra</strong></span> <span class='ocrx_word' id='word_1_6' title='bbox 1148 406 1287 444; x_wconf 87' lang='lat' dir='ltr'><strong>nostra</strong></span> <span class='ocrx_word' id='word_1_7' title='bbox 1329 405 1370 444; x_wconf 89' lang='lat' dir='ltr'><strong>et</strong></span> <span class='ocrx_word' id='word_1_8' title='bbox 1408 403 1553 444; x_wconf 80' lang='lat' dir='ltr'>celebri</span> <span class='ocrx_word' id='word_1_9' title='bbox 1592 416 1774 445; x_wconf 83' lang='lat' dir='ltr'><strong>sermone</strong></span> <span class='ocrx_word' id='word_1_10' title='bbox 1804 405 2017 458; x_wconf 86' lang='lat' dir='ltr'><strong>vulgatum</strong></span> <span class='ocrx_word' id='word_1_11' title='bbox 2062 399 2066 413; x_wconf 73' lang='lat'><em>³</em></span> 
     </span>
     <span class='ocr_line' id='line_1_3' title="bbox 476 459 2072 513; baseline 0.001 -12"><span class='ocrx_word' id='word_1_12' title='bbox 476 461 643 501; x_wconf 89' lang='lat' dir='ltr'><strong>verbum</strong></span> <span class='ocrx_word' id='word_1_13' title='bbox 682 461 778 509; x_wconf 89' lang='lat' dir='ltr'><strong>hoc,</strong></span> <span class='ocrx_word' id='word_1_14' title='bbox 817 461 923 513; x_wconf 91' lang='lat' dir='ltr'><strong>quod</strong></span> <span class='ocrx_word' id='word_1_15' title='bbox 964 460 1118 501; x_wconf 86' lang='lat' dir='ltr'><strong>factum</strong></span> <span class='ocrx_word' id='word_1_16' title='bbox 1157 461 1218 499; x_wconf 89' lang='lat' dir='ltr'><strong>est</strong></span> <span class='ocrx_word' id='word_1_17' title='bbox 1254 459 1302 500; x_wconf 92' lang='lat' dir='ltr'><strong>de</strong></span> <span class='ocrx_word' id='word_1_18' title='bbox 1340 459 1451 500; x_wconf 89' lang='lat' dir='ltr'><strong>vobis</strong></span> <span class='ocrx_word' id='word_1_19' title='bbox 1491 472 1514 499; x_wconf 87' lang='lat' dir='ltr'><strong>a</strong></span> <span class='ocrx_word' id='word_1_20' title='bbox 1543 459 1726 501; x_wconf 92' lang='lat' dir='ltr'><strong>Domino.</strong></span> <span class='ocrx_word' id='word_1_21' title='bbox 1783 459 2016 503; x_wconf 71' lang='lat' dir='ltr'><strong>presseram</strong></span> <span class='ocrx_word' id='word_1_22' title='bbox 2067 490 2072 491; x_wconf 30' lang='grc' dir='ltr'><em>ν</em></span> 
     </span>
    </p>
   </div>
   <div class='ocr_carea' id='block_1_3' title="bbox 475 515 2016 680">
    <p class='ocr_par' dir='ltr' id='par_1_3' title="bbox 475 515 2016 680">
     <span class='ocr_line' id='line_1_4' title="bbox 477 515 2016 568; baseline 0.001 -12"><span class='ocrx_word' id='word_1_23' title='bbox 477 516 616 556; x_wconf 90' lang='lat' dir='ltr'><strong>stilum</strong></span> <span class='ocrx_word' id='word_1_24' title='bbox 647 517 863 565; x_wconf 85' lang='lat' dir='ltr'><strong>hactenus,</strong></span> <span class='ocrx_word' id='word_1_25' title='bbox 900 528 986 556; x_wconf 92' lang='lat' dir='ltr'><strong>rem</strong></span> <span class='ocrx_word' id='word_1_26' title='bbox 1020 516 1168 556; x_wconf 89' lang='lat' dir='ltr'><strong>tacitus</strong></span> <span class='ocrx_word' id='word_1_27' title='bbox 1205 515 1517 555; x_wconf 83' lang='lat' dir='ltr'><strong>considerabam.</strong></span> <span class='ocrx_word' id='word_1_28' title='bbox 1575 515 1870 568; x_wconf 79' lang='lat' dir='ltr'><strong>Exspectabam</strong></span> <span class='ocrx_word' id='word_1_29' title='bbox 1907 517 2016 558; x_wconf 90' lang='lat' dir='ltr'><strong>enim</strong></span> 
     </span>
     <span class='ocr_line' id='line_1_5' title="bbox 475 570 2016 624; baseline 0.001 -13"><span class='ocrx_word' id='word_1_30' title='bbox 475 572 632 612; x_wconf 80' lang='lat' dir='ltr'><strong>litteras</strong></span> <span class='ocrx_word' id='word_1_31' title='bbox 654 574 820 620; x_wconf 88' lang='lat' dir='ltr'><strong>vestras,</strong></span> <span class='ocrx_word' id='word_1_32' title='bbox 851 574 891 612; x_wconf 90' lang='lat' dir='ltr'><strong>et</strong></span> <span class='ocrx_word' id='word_1_33' title='bbox 911 571 1136 624; x_wconf 86' lang='lat' dir='ltr'><strong>praeveniri</strong></span> <span class='ocrx_word' id='word_1_34' title='bbox 1157 583 1180 611; x_wconf 90' lang='lat' dir='ltr'><strong>a</strong></span> <span class='ocrx_word' id='word_1_35' title='bbox 1200 571 1311 611; x_wconf 90' lang='lat' dir='ltr'><strong>vobis</strong></span> <span class='ocrx_word' id='word_1_36' title='bbox 1340 570 1381 610; x_wconf 91' lang='lat' dir='ltr'><strong>in</strong></span> <span class='ocrx_word' id='word_1_37' title='bbox 1410 570 1753 612; x_wconf 81' lang='lat' dir='ltr'><strong>benedictionibus</strong></span> <span class='ocrx_word' id='word_1_38' title='bbox 1783 571 2016 614; x_wconf 85' lang='lat' dir='ltr'><strong>dulcedinis.</strong></span> 
     </span>
     <span class='ocr_line' id='line_1_6' title="bbox 478 626 2016 680; baseline 0.001 -13"><span class='ocrx_word' id='word_1_39' title='bbox 478 628 774 680; x_wconf 83' lang='lat' dir='ltr'><strong>Exspectabam</strong></span> <span class='ocrx_word' id='word_1_40' title='bbox 803 627 935 668; x_wconf 86' lang='lat' dir='ltr'><strong>virum</strong></span> <span class='ocrx_word' id='word_1_41' title='bbox 964 627 1135 675; x_wconf 88' lang='lat' dir='ltr'><strong>fidelem,</strong></span> <span class='ocrx_word' id='word_1_42' title='bbox 1166 626 1234 678; x_wconf 89' lang='lat' dir='ltr'><strong>qui</strong></span> <span class='ocrx_word' id='word_1_43' title='bbox 1264 626 1419 667; x_wconf 88' lang='lat' dir='ltr'><strong>veniret</strong></span> <span class='ocrx_word' id='word_1_44' title='bbox 1449 638 1472 666; x_wconf 92' lang='lat' dir='ltr'><strong>a</strong></span> <span class='ocrx_word' id='word_1_45' title='bbox 1500 627 1627 667; x_wconf 88' lang='lat' dir='ltr'><strong>latere</strong></span> <span class='ocrx_word' id='word_1_46' title='bbox 1655 628 1737 675; x_wconf 92' lang='lat' dir='ltr'><strong>tuo,</strong></span> <span class='ocrx_word' id='word_1_47' title='bbox 1767 627 1837 679; x_wconf 90' lang='lat' dir='ltr'><strong>qui</strong></span> <span class='ocrx_word' id='word_1_48' title='bbox 1867 627 2016 669; x_wconf 89' lang='lat' dir='ltr'><strong>diceret</strong></span> 
     </span>
    </p>
   </div>
   <div class='ocr_carea' id='block_1_4' title="bbox 479 682 2078 736">
    <p class='ocr_par' dir='ltr' id='par_1_4' title="bbox 479 682 2078 736">
     <span class='ocr_line' id='line_1_7' title="bbox 479 682 2078 736; baseline 0.002 -14"><span class='ocrx_word' id='word_1_49' title='bbox 479 687 624 723; x_wconf 90' lang='lat' dir='ltr'><strong>cuncta</strong></span> <span class='ocrx_word' id='word_1_50' title='bbox 663 696 734 736; x_wconf 92' lang='lat' dir='ltr'><strong>per</strong></span> <span class='ocrx_word' id='word_1_51' title='bbox 773 683 977 724; x_wconf 90' lang='lat' dir='ltr'><strong>ordinem:</strong></span> <span class='ocrx_word' id='word_1_52' title='bbox 1021 682 1136 735; x_wconf 88' lang='lat' dir='ltr'><strong>quid,</strong></span> <span class='ocrx_word' id='word_1_53' title='bbox 1177 682 1396 734; x_wconf 89' lang='lat' dir='ltr'><strong>quomodo,</strong></span> <span class='ocrx_word' id='word_1_54' title='bbox 1434 682 1497 722; x_wconf 91' lang='lat' dir='ltr'><strong>vel</strong></span> <span class='ocrx_word' id='word_1_55' title='bbox 1528 682 1702 734; x_wconf 87' lang='lat' dir='ltr'><strong>qualiter</strong></span> <span class='ocrx_word' id='word_1_56' title='bbox 1731 686 1868 724; x_wconf 87' lang='lat' dir='ltr'><strong>actum</strong></span> <span class='ocrx_word' id='word_1_57' title='bbox 1898 685 2015 725; x_wconf 88' lang='lat' dir='ltr'><strong>esset.</strong></span> <span class='ocrx_word' id='word_1_58' title='bbox 2071 706 2078 721; x_wconf 69' lang='lat'><em>2</em></span> 
     </span>
    </p>
   </div>
   <div class='ocr_carea' id='block_1_5' title="bbox 477 737 2018 791">
    <p class='ocr_par' dir='ltr' id='par_1_5' title="bbox 477 737 2018 791">
     <span class='ocr_line' id='line_1_8' title="bbox 477 737 2018 791; baseline 0.001 -13"><span class='ocrx_word' id='word_1_59' title='bbox 477 739 780 791; x_wconf 84' lang='lat' dir='ltr'><strong>Exspectabam,</strong></span> <span class='ocrx_word' id='word_1_60' title='bbox 811 739 845 779; x_wconf 90' lang='lat' dir='ltr'><strong>si</strong></span> <span class='ocrx_word' id='word_1_61' title='bbox 867 739 957 790; x_wconf 90' lang='lat' dir='ltr'><strong>quis</strong></span> <span class='ocrx_word' id='word_1_62' title='bbox 987 737 1090 779; x_wconf 89' lang='lat' dir='ltr'><strong>forte</strong></span> <span class='ocrx_word' id='word_1_63' title='bbox 1121 738 1169 778; x_wconf 86' lang='lat' dir='ltr'><strong>de</strong></span> <span class='ocrx_word' id='word_1_64' title='bbox 1199 737 1290 778; x_wconf 87' lang='lat' dir='ltr'><strong>filiis</strong></span> <span class='ocrx_word' id='word_1_65' title='bbox 1321 738 1422 778; x_wconf 90' lang='lat' dir='ltr'><strong>meis</strong></span> <span class='ocrx_word' id='word_1_66' title='bbox 1451 741 1738 788; x_wconf 81' lang='lat' dir='ltr'><strong>reverteretur,</strong></span> <span class='ocrx_word' id='word_1_67' title='bbox 1775 739 1845 791; x_wconf 91' lang='lat' dir='ltr'><strong>qui</strong></span> <span class='ocrx_word' id='word_1_68' title='bbox 1874 739 2018 780; x_wconf 90' lang='lat' dir='ltr'><strong>leniret</strong></span> 
     </span>
    </p>
   </div>
   <div class='ocr_carea' id='block_1_6' title="bbox 479 793 2079 848">
    <p class='ocr_par' dir='ltr' id='par_1_6' title="bbox 479 793 2079 848">
     <span class='ocr_line' id='line_1_9' title="bbox 479 793 2079 848; baseline 0.002 -14"><span class='ocrx_word' id='word_1_69' title='bbox 479 794 658 834; x_wconf 90' lang='lat' dir='ltr'><strong>dolorem</strong></span> <span class='ocrx_word' id='word_1_70' title='bbox 687 795 826 847; x_wconf 87' lang='lat' dir='ltr'><strong>patris,</strong></span> <span class='ocrx_word' id='word_1_71' title='bbox 858 795 926 846; x_wconf 91' lang='lat' dir='ltr'><strong>qui</strong></span> <span class='ocrx_word' id='word_1_72' title='bbox 959 794 1126 834; x_wconf 89' lang='lat' dir='ltr'><strong>diceret:</strong></span> <span class='ocrx_word' id='word_1_73' title='bbox 1164 793 1317 846; x_wconf 83' lang='lat' dir='ltr'><strong>Joseph</strong></span> <span class='ocrx_word' id='word_1_74' title='bbox 1351 793 1459 834; x_wconf 87' lang='lat' dir='ltr'><strong>filius</strong></span> <span class='ocrx_word' id='word_1_75' title='bbox 1490 794 1586 834; x_wconf 89' lang='lat' dir='ltr'><strong>tuus</strong></span> <span class='ocrx_word' id='word_1_76' title='bbox 1616 793 1733 843; x_wconf 84' lang='lat' dir='ltr'><strong>vivit,</strong></span> <span class='ocrx_word' id='word_1_77' title='bbox 1762 796 1803 835; x_wconf 88' lang='lat' dir='ltr'><strong>et</strong></span> <span class='ocrx_word' id='word_1_78' title='bbox 1831 794 1918 848; x_wconf 89' lang='lat' dir='ltr'><strong>ipse</strong></span> <span class='ocrx_word' id='word_1_79' title='bbox 1947 794 2017 836; x_wconf 87' lang='lat' dir='ltr'><strong>do·</strong></span> <span class='ocrx_word' id='word_1_80' title='bbox 2076 836 2079 837; x_wconf 14' lang='grc' dir='ltr'><em>γ</em></span> 
     </span>
    </p>
   </div>
   <div class='ocr_carea' id='block_1_7' title="bbox 476 848 2019 1292">
    <p class='ocr_par' dir='ltr' id='par_1_7' title="bbox 476 848 2019 1292">
     <span class='ocr_line' id='line_1_10' title="bbox 476 848 2016 903; baseline 0.001 -13"><span class='ocrx_word' id='word_1_81' title='bbox 476 850 658 890; x_wconf 91' lang='lat' dir='ltr'><strong>minatur</strong></span> <span class='ocrx_word' id='word_1_82' title='bbox 694 850 735 890; x_wconf 93' lang='lat' dir='ltr'><strong>in</strong></span> <span class='ocrx_word' id='word_1_83' title='bbox 771 852 858 891; x_wconf 90' lang='lat' dir='ltr'><strong>tota</strong></span> <span class='ocrx_word' id='word_1_84' title='bbox 888 853 996 890; x_wconf 88' lang='lat' dir='ltr'><strong>terra</strong></span> <span class='ocrx_word' id='word_1_85' title='bbox 1024 849 1198 902; x_wconf 79' lang='lat' dir='ltr'><strong>Aegypti</strong></span> <span class='ocrx_word' id='word_1_86' title='bbox 1234 849 1351 901; x_wconf 85' lang='lat' dir='ltr'><strong>(Gen.</strong></span> <span class='ocrx_word' id='word_1_87' title='bbox 1380 848 1502 898; x_wconf 88' lang='lat' dir='ltr'>XLV,</span> <span class='ocrx_word' id='word_1_88' title='bbox 1533 850 1615 902; x_wconf 82' lang='lat'>26).</span> <span class='ocrx_word' id='word_1_89' title='bbox 1673 849 1880 899; x_wconf 21' lang='lat' dir='ltr'><strong>Hincvest,</strong></span> <span class='ocrx_word' id='word_1_90' title='bbox 1909 850 2016 903; x_wconf 89' lang='lat' dir='ltr'><strong>quod</strong></span> 
     </span>
     <span class='ocr_line' id='line_1_11' title="bbox 477 904 2017 954; baseline 0.001 -9"><span class='ocrx_word' id='word_1_91' title='bbox 477 906 636 946; x_wconf 83' lang='lat' dir='ltr'><strong>litterae</strong></span> <span class='ocrx_word' id='word_1_92' title='bbox 667 906 769 946; x_wconf 91' lang='lat' dir='ltr'><strong>istae</strong></span> <span class='ocrx_word' id='word_1_93' title='bbox 797 918 878 946; x_wconf 91' lang='lat' dir='ltr'><strong>non</strong></span> <span class='ocrx_word' id='word_1_94' title='bbox 909 908 1005 946; x_wconf 90' lang='lat' dir='ltr'><strong>sunt</strong></span> <span class='ocrx_word' id='word_1_95' title='bbox 1034 905 1272 953; x_wconf 88' lang='lat' dir='ltr'><strong>voluntatis,</strong></span> <span class='ocrx_word' id='word_1_96' title='bbox 1313 904 1383 945; x_wconf 91' lang='lat' dir='ltr'><strong>sed</strong></span> <span class='ocrx_word' id='word_1_97' title='bbox 1413 905 1684 954; x_wconf 85' lang='lat' dir='ltr'><strong>necessitatis,</strong></span> <span class='ocrx_word' id='word_1_98' title='bbox 1725 906 1767 946; x_wconf 88' lang='lat' dir='ltr'><strong>et</strong></span> <span class='ocrx_word' id='word_1_99' title='bbox 1796 905 2017 947; x_wconf 89' lang='lat' dir='ltr'><strong>amicorum</strong></span> 
     </span>
     <span class='ocr_line' id='line_1_12' title="bbox 481 960 2018 1014; baseline 0.001 -13"><span class='ocrx_word' id='word_1_100' title='bbox 481 965 659 1001; x_wconf 84' lang='lat' dir='ltr'><strong>extortae</strong></span> <span class='ocrx_word' id='word_1_101' title='bbox 688 961 886 1014; x_wconf 87' lang='lat' dir='ltr'><strong>precibus,</strong></span> <span class='ocrx_word' id='word_1_102' title='bbox 917 961 1063 1012; x_wconf 88' lang='lat' dir='ltr'><strong>quibus</strong></span> <span class='ocrx_word' id='word_1_103' title='bbox 1085 973 1232 1011; x_wconf 87' lang='lat' dir='ltr'><strong>negare</strong></span> <span class='ocrx_word' id='word_1_104' title='bbox 1253 973 1333 1001; x_wconf 93' lang='lat' dir='ltr'><strong>non</strong></span> <span class='ocrx_word' id='word_1_105' title='bbox 1353 973 1519 1013; x_wconf 88' lang='lat' dir='ltr'><strong>possum</strong></span> <span class='ocrx_word' id='word_1_106' title='bbox 1539 960 1743 1001; x_wconf 88' lang='lat' dir='ltr'><strong>modicum</strong></span> <span class='ocrx_word' id='word_1_107' title='bbox 1770 961 1873 1002; x_wconf 86' lang='lat' dir='ltr'><strong>illud</strong></span> <span class='ocrx_word' id='word_1_108' title='bbox 1902 961 2018 1014; x_wconf 91' lang='lat' dir='ltr'><strong>quid-</strong></span> 
     </span>
     <span class='ocr_line' id='line_1_13' title="bbox 485 1016 2019 1072; baseline 0.001 -16"><span class='ocrx_word' id='word_1_109' title='bbox 485 1017 580 1068; x_wconf 89' lang='lat' dir='ltr'><strong>quid</strong></span> <span class='ocrx_word' id='word_1_110' title='bbox 601 1016 812 1072; x_wconf 24' lang='lat' dir='ltr'><strong>residuum,</strong></span> <span class='ocrx_word' id='word_1_111' title='bbox 830 1018 892 1057; x_wconf 84' lang='lat' dir='ltr'><strong>est</strong></span> <span class='ocrx_word' id='word_1_112' title='bbox 911 1017 1017 1057; x_wconf 86' lang='lat' dir='ltr'><strong>vitae</strong></span> <span class='ocrx_word' id='word_1_113' title='bbox 1038 1028 1163 1056; x_wconf 90' lang='lat' dir='ltr'><strong>meae.</strong></span> <span class='ocrx_word' id='word_1_114' title='bbox 1213 1016 1320 1067; x_wconf 88' lang='lat' dir='ltr'><strong>[Iam</strong></span> <span class='ocrx_word' id='word_1_115' title='bbox 1340 1016 1447 1056; x_wconf 93' lang='lat' dir='ltr'><strong>enim</strong></span> <span class='ocrx_word' id='word_1_116' title='bbox 1468 1016 1516 1056; x_wconf 92' lang='lat' dir='ltr'><strong>de</strong></span> <span class='ocrx_word' id='word_1_117' title='bbox 1545 1016 1700 1068; x_wconf 91' lang='lat' dir='ltr'><strong>reliquo</strong></span> <span class='ocrx_word' id='word_1_118' title='bbox 1730 1016 1870 1058; x_wconf 88' lang='lat' dir='ltr'><strong>breves</strong></span> <span class='ocrx_word' id='word_1_119' title='bbox 1900 1019 2019 1058; x_wconf 87' lang='lat' dir='ltr'><strong>erunt</strong></span> 
     </span>
     <span class='ocr_line' id='line_1_14' title="bbox 481 1070 2018 1124; baseline 0.001 -12"><span class='ocrx_word' id='word_1_120' title='bbox 481 1073 566 1112; x_wconf 86' lang='lat' dir='ltr'><strong>dies</strong></span> <span class='ocrx_word' id='word_1_121' title='bbox 585 1072 676 1120; x_wconf 89' lang='lat' dir='ltr'><strong>mei,</strong></span> <span class='ocrx_word' id='word_1_122' title='bbox 708 1074 748 1112; x_wconf 90' lang='lat' dir='ltr'><strong>et</strong></span> <span class='ocrx_word' id='word_1_123' title='bbox 767 1073 899 1113; x_wconf 89' lang='lat' dir='ltr'><strong>solum</strong></span> <span class='ocrx_word' id='word_1_124' title='bbox 919 1072 1019 1112; x_wconf 93' lang='lat' dir='ltr'><strong>mihi</strong></span> <span class='ocrx_word' id='word_1_125' title='bbox 1041 1074 1225 1124; x_wconf 86' lang='lat' dir='ltr'><strong>superest</strong></span> <span class='ocrx_word' id='word_1_126' title='bbox 1246 1072 1494 1124; x_wconf 90' lang='lat' dir='ltr'><strong>sepulcrum]</strong></span> <span class='ocrx_word' id='word_1_127' title='bbox 1506 1073 1543 1111; x_wconf 63' lang='grc' dir='ltr'><strong>ιι).</strong></span> <span class='ocrx_word' id='word_1_128' title='bbox 1593 1070 1698 1122; x_wconf 86' lang='lat' dir='ltr'><strong>Quia</strong></span> <span class='ocrx_word' id='word_1_129' title='bbox 1725 1073 1863 1113; x_wconf 85' lang='lat' dir='ltr'><strong>tamen</strong></span> <span class='ocrx_word' id='word_1_130' title='bbox 1893 1073 2018 1114; x_wconf 88' lang='lat' dir='ltr'><strong>semel</strong></span> 
     </span>
     <span class='ocr_line' id='line_1_15' title="bbox 481 1127 2018 1180; baseline 0.002 -13"><span class='ocrx_word' id='word_1_131' title='bbox 481 1128 611 1180; x_wconf 89' lang='lat' dir='ltr'><strong>coepi,</strong></span> <span class='ocrx_word' id='word_1_132' title='bbox 651 1128 794 1180; x_wconf 89' lang='lat' dir='ltr'><strong>loquar</strong></span> <span class='ocrx_word' id='word_1_133' title='bbox 832 1128 887 1180; x_wconf 67' lang='lat' dir='ltr'><strong>ad</strong></span> <span class='ocrx_word' id='word_1_134' title='bbox 912 1127 1119 1168; x_wconf 90' lang='lat' dir='ltr'><strong>dominum</strong></span> <span class='ocrx_word' id='word_1_135' title='bbox 1150 1140 1298 1167; x_wconf 90' lang='lat' dir='ltr'><strong>meum.</strong></span> <span class='ocrx_word' id='word_1_136' title='bbox 1363 1127 1453 1167; x_wconf 90' lang='lat' dir='ltr'><strong>Iam</strong></span> <span class='ocrx_word' id='word_1_137' title='bbox 1483 1127 1590 1167; x_wconf 92' lang='lat' dir='ltr'><strong>enim</strong></span> <span class='ocrx_word' id='word_1_138' title='bbox 1619 1127 1749 1168; x_wconf 90' lang='lat' dir='ltr'><strong>filium</strong></span> <span class='ocrx_word' id='word_1_139' title='bbox 1778 1127 1908 1169; x_wconf 86' lang='lat' dir='ltr'><strong>dicere</strong></span> <span class='ocrx_word' id='word_1_140' title='bbox 1937 1141 2018 1170; x_wconf 91' lang='lat' dir='ltr'><strong>non</strong></span> 
     </span>
     <span class='ocr_line' id='line_1_16' title="bbox 480 1183 2018 1236; baseline 0.001 -13"><span class='ocrx_word' id='word_1_141' title='bbox 480 1183 631 1230; x_wconf 85' lang='lat' dir='ltr'><strong>audeo,</strong></span> <span class='ocrx_word' id='word_1_142' title='bbox 670 1184 765 1235; x_wconf 91' lang='lat' dir='ltr'><strong>quia</strong></span> <span class='ocrx_word' id='word_1_143' title='bbox 792 1183 899 1223; x_wconf 90' lang='lat' dir='ltr'><strong>filius</strong></span> <span class='ocrx_word' id='word_1_144' title='bbox 928 1183 970 1223; x_wconf 93' lang='lat' dir='ltr'><strong>in</strong></span> <span class='ocrx_word' id='word_1_145' title='bbox 999 1185 1176 1236; x_wconf 87' lang='lat' dir='ltr'><strong>patrem,</strong></span> <span class='ocrx_word' id='word_1_146' title='bbox 1216 1185 1331 1236; x_wconf 88' lang='lat' dir='ltr'><strong>pater</strong></span> <span class='ocrx_word' id='word_1_147' title='bbox 1367 1184 1551 1223; x_wconf 87' lang='lat' dir='ltr'><strong>mutatus</strong></span> <span class='ocrx_word' id='word_1_148' title='bbox 1582 1185 1645 1223; x_wconf 90' lang='lat' dir='ltr'><strong>est</strong></span> <span class='ocrx_word' id='word_1_149' title='bbox 1671 1183 1714 1224; x_wconf 94' lang='lat' dir='ltr'><strong>in</strong></span> <span class='ocrx_word' id='word_1_150' title='bbox 1742 1183 1883 1224; x_wconf 90' lang='lat' dir='ltr'><strong>filium.</strong></span> <span class='ocrx_word' id='word_1_151' title='bbox 1939 1183 2018 1235; x_wconf 82' lang='lat' dir='ltr'><strong>Qui</strong></span> 
     </span>
     <span class='ocr_line' id='line_1_17' title="bbox 480 1238 2019 1292; baseline 0.001 -13"><span class='ocrx_word' id='word_1_152' title='bbox 480 1240 572 1292; x_wconf 90' lang='lat' dir='ltr'><strong>post</strong></span> <span class='ocrx_word' id='word_1_153' title='bbox 601 1251 665 1278; x_wconf 92' lang='lat' dir='ltr'><strong>me</strong></span> <span class='ocrx_word' id='word_1_154' title='bbox 695 1239 823 1287; x_wconf 87' lang='lat' dir='ltr'><strong>venit,</strong></span> <span class='ocrx_word' id='word_1_155' title='bbox 865 1241 958 1279; x_wconf 91' lang='lat' dir='ltr'><strong>ante</strong></span> <span class='ocrx_word' id='word_1_156' title='bbox 987 1251 1052 1279; x_wconf 89' lang='lat' dir='ltr'><strong>me</strong></span> <span class='ocrx_word' id='word_1_157' title='bbox 1081 1239 1212 1279; x_wconf 82' lang='lat' dir='ltr'><strong>factus</strong></span> <span class='ocrx_word' id='word_1_158' title='bbox 1243 1240 1327 1286; x_wconf 69' lang='lat' dir='ltr'><strong>est,</strong></span> <span class='ocrx_word' id='word_1_159' title='bbox 1367 1239 1436 1279; x_wconf 88' lang='lat' dir='ltr'><strong>sed</strong></span> <span class='ocrx_word' id='word_1_160' title='bbox 1466 1251 1545 1279; x_wconf 91' lang='lat' dir='ltr'><strong>non</strong></span> <span class='ocrx_word' id='word_1_161' title='bbox 1575 1238 1752 1288; x_wconf 90' lang='lat' dir='ltr'><strong>invideo,</strong></span> <span class='ocrx_word' id='word_1_162' title='bbox 1787 1239 1884 1292; x_wconf 88' lang='lat' dir='ltr'><strong>quia</strong></span> <span class='ocrx_word' id='word_1_163' title='bbox 1911 1240 2019 1292; x_wconf 91' lang='lat' dir='ltr'><strong>quod</strong></span> 
     </span>
    </p>
   </div>
   <div class='ocr_carea' id='block_1_8' title="bbox 478 1294 2062 1348">
    <p class='ocr_par' dir='ltr' id='par_1_8' title="bbox 478 1294 2062 1348">
     <span class='ocr_line' id='line_1_18' title="bbox 478 1294 2062 1348; baseline 0.001 -14"><span class='ocrx_word' id='word_1_164' title='bbox 478 1294 577 1334; x_wconf 92' lang='lat' dir='ltr'><strong>mihi</strong></span> <span class='ocrx_word' id='word_1_165' title='bbox 609 1294 763 1343; x_wconf 86' lang='lat' dir='ltr'><strong>deerat,</strong></span> <span class='ocrx_word' id='word_1_166' title='bbox 801 1295 842 1334; x_wconf 91' lang='lat' dir='ltr'><strong>in</strong></span> <span class='ocrx_word' id='word_1_167' title='bbox 873 1307 917 1335; x_wconf 91' lang='lat' dir='ltr'><strong>eo</strong></span> <span class='ocrx_word' id='word_1_168' title='bbox 948 1307 1012 1335; x_wconf 89' lang='lat' dir='ltr'><strong>me</strong></span> <span class='ocrx_word' id='word_1_169' title='bbox 1042 1295 1190 1336; x_wconf 88' lang='lat' dir='ltr'><strong>habere</strong></span> <span class='ocrx_word' id='word_1_170' title='bbox 1221 1294 1391 1342; x_wconf 87' lang='lat' dir='ltr'><strong>confido,</strong></span> <span class='ocrx_word' id='word_1_171' title='bbox 1431 1295 1500 1346; x_wconf 92' lang='lat' dir='ltr'><strong>qui</strong></span> <span class='ocrx_word' id='word_1_172' title='bbox 1537 1307 1617 1335; x_wconf 92' lang='lat' dir='ltr'><strong>non</strong></span> <span class='ocrx_word' id='word_1_173' title='bbox 1657 1295 1790 1335; x_wconf 89' lang='lat' dir='ltr'><strong>solum</strong></span> <span class='ocrx_word' id='word_1_174' title='bbox 1822 1297 1914 1348; x_wconf 83' lang='lat' dir='ltr'><strong>post</strong></span> <span class='ocrx_word' id='word_1_175' title='bbox 1941 1307 2018 1344; x_wconf 89' lang='lat' dir='ltr'><strong>me,</strong></span> <span class='ocrx_word' id='word_1_176' title='bbox 2059 1297 2062 1299; x_wconf 70' lang='grc'><strong>’</strong></span> 
     </span>
    </p>
   </div>
   <div class='ocr_carea' id='block_1_9' title="bbox 477 1350 2020 1679">
    <p class='ocr_par' dir='ltr' id='par_1_9' title="bbox 477 1350 2020 1679">
     <span class='ocr_line' id='line_1_19' title="bbox 481 1350 2020 1404; baseline 0.001 -14"><span class='ocrx_word' id='word_1_177' title='bbox 481 1350 550 1390; x_wconf 88' lang='lat' dir='ltr'><strong>sed</strong></span> <span class='ocrx_word' id='word_1_178' title='bbox 582 1350 706 1390; x_wconf 87' lang='lat' dir='ltr'><strong>etiam</strong></span> <span class='ocrx_word' id='word_1_179' title='bbox 735 1363 806 1404; x_wconf 88' lang='lat' dir='ltr'><strong>per</strong></span> <span class='ocrx_word' id='word_1_180' title='bbox 825 1363 890 1391; x_wconf 91' lang='lat' dir='ltr'><strong>me</strong></span> <span class='ocrx_word' id='word_1_181' title='bbox 911 1350 1030 1391; x_wconf 91' lang='lat' dir='ltr'><strong>venit.</strong></span> <span class='ocrx_word' id='word_1_182' title='bbox 1079 1351 1186 1390; x_wconf 89' lang='lat' dir='ltr'><strong>Nam</strong></span> <span class='ocrx_word' id='word_1_183' title='bbox 1207 1350 1240 1390; x_wconf 91' lang='lat' dir='ltr'><strong>si</strong></span> <span class='ocrx_word' id='word_1_184' title='bbox 1261 1350 1449 1402; x_wconf 86' lang='lat' dir='ltr'><strong>dignaris,</strong></span> <span class='ocrx_word' id='word_1_185' title='bbox 1481 1350 1776 1402; x_wconf 85' lang='lat' dir='ltr'><strong>quodammodo</strong></span> <span class='ocrx_word' id='word_1_186' title='bbox 1797 1363 1869 1404; x_wconf 87' lang='lat' dir='ltr'><strong>per</strong></span> <span class='ocrx_word' id='word_1_187' title='bbox 1887 1351 2020 1392; x_wconf 84' lang='lat' dir='ltr'><strong>Evan-</strong></span> 
     </span>
     <span class='ocr_line' id='line_1_20' title="bbox 477 1405 2019 1459; baseline 0.001 -13"><span class='ocrx_word' id='word_1_188' title='bbox 477 1406 630 1458; x_wconf 87' lang='lat' dir='ltr'><strong>gelium</strong></span> <span class='ocrx_word' id='word_1_189' title='bbox 670 1419 743 1458; x_wconf 86' lang='lat' dir='ltr'><strong>ego</strong></span> <span class='ocrx_word' id='word_1_190' title='bbox 778 1408 819 1447; x_wconf 94' lang='lat' dir='ltr'><strong>te</strong></span> <span class='ocrx_word' id='word_1_191' title='bbox 859 1406 989 1458; x_wconf 90' lang='lat' dir='ltr'><strong>genui.</strong></span> <span class='ocrx_word' id='word_1_192' title='bbox 1060 1405 1173 1456; x_wconf 80' lang='lat' dir='ltr'><strong>Quae</strong></span> <span class='ocrx_word' id='word_1_193' title='bbox 1212 1407 1275 1446; x_wconf 88' lang='lat' dir='ltr'><strong>est</strong></span> <span class='ocrx_word' id='word_1_194' title='bbox 1313 1419 1406 1458; x_wconf 88' lang='lat' dir='ltr'><strong>ergo</strong></span> <span class='ocrx_word' id='word_1_195' title='bbox 1445 1419 1536 1459; x_wconf 87' lang='lat' dir='ltr'><strong>spes</strong></span> <span class='ocrx_word' id='word_1_196' title='bbox 1575 1408 1716 1447; x_wconf 89' lang='lat' dir='ltr'><strong>nostra</strong></span> <span class='ocrx_word' id='word_1_197' title='bbox 1755 1409 1796 1447; x_wconf 92' lang='lat' dir='ltr'><strong>et</strong></span> <span class='ocrx_word' id='word_1_198' title='bbox 1825 1407 2019 1459; x_wconf 87' lang='lat' dir='ltr'><strong>gaudium</strong></span> 
     </span>
     <span class='ocr_line' id='line_1_21' title="bbox 482 1462 2020 1516; baseline 0.001 -15"><span class='ocrx_word' id='word_1_199' title='bbox 482 1463 668 1502; x_wconf 88' lang='lat' dir='ltr'><strong>nostrum</strong></span> <span class='ocrx_word' id='word_1_200' title='bbox 709 1464 750 1502; x_wconf 90' lang='lat' dir='ltr'><strong>et</strong></span> <span class='ocrx_word' id='word_1_201' title='bbox 789 1475 933 1503; x_wconf 85' lang='lat' dir='ltr'><strong>corona</strong></span> <span class='ocrx_word' id='word_1_202' title='bbox 971 1462 1152 1514; x_wconf 76' lang='lat' dir='ltr'><strong>gloriae?</strong></span> <span class='ocrx_word' id='word_1_203' title='bbox 1210 1462 1354 1502; x_wconf 91' lang='lat' dir='ltr'><strong>Nonne</strong></span> <span class='ocrx_word' id='word_1_204' title='bbox 1391 1474 1461 1503; x_wconf 88' lang='lat' dir='ltr'><strong>vos</strong></span> <span class='ocrx_word' id='word_1_205' title='bbox 1491 1463 1585 1502; x_wconf 87' lang='lat' dir='ltr'><strong>ante</strong></span> <span class='ocrx_word' id='word_1_206' title='bbox 1614 1462 1778 1503; x_wconf 74' lang='lat' dir='ltr'><strong>Deum?</strong></span> <span class='ocrx_word' id='word_1_207' title='bbox 1835 1462 2020 1516; x_wconf 90' lang='lat' dir='ltr'><strong>Denique</strong></span> 
     </span>
     <span class='ocr_line' id='line_1_22' title="bbox 480 1517 2018 1571; baseline 0.001 -14"><span class='ocrx_word' id='word_1_208' title='bbox 480 1517 585 1557; x_wconf 87' lang='lat' dir='ltr'><strong>filius</strong></span> <span class='ocrx_word' id='word_1_209' title='bbox 624 1518 784 1570; x_wconf 88' lang='lat' dir='ltr'><strong>sapiens</strong></span> <span class='ocrx_word' id='word_1_210' title='bbox 825 1518 950 1569; x_wconf 88' lang='lat' dir='ltr'><strong>gloria</strong></span> <span class='ocrx_word' id='word_1_211' title='bbox 988 1519 1050 1558; x_wconf 90' lang='lat' dir='ltr'><strong>est</strong></span> <span class='ocrx_word' id='word_1_212' title='bbox 1079 1517 1205 1570; x_wconf 87' lang='lat' dir='ltr'><strong>patris</strong></span> <span class='ocrx_word' id='word_1_213' title='bbox 1236 1517 1367 1568; x_wconf 89' lang='lat' dir='ltr'><strong>(Prov.</strong></span> <span class='ocrx_word' id='word_1_214' title='bbox 1397 1518 1446 1567; x_wconf 93' lang='lat' dir='ltr'><strong>X,</strong></span> <span class='ocrx_word' id='word_1_215' title='bbox 1479 1518 1530 1571; x_wconf 90' lang='lat'><strong>1).</strong></span> <span class='ocrx_word' id='word_1_216' title='bbox 1587 1518 1743 1559; x_wconf 91' lang='lat' dir='ltr'><strong>Amodo</strong></span> <span class='ocrx_word' id='word_1_217' title='bbox 1772 1519 1910 1560; x_wconf 82' lang='lat' dir='ltr'><strong>tamen</strong></span> <span class='ocrx_word' id='word_1_218' title='bbox 1938 1531 2018 1560; x_wconf 90' lang='lat' dir='ltr'><strong>non</strong></span> 
     </span>
     <span class='ocr_line' id='line_1_23' title="bbox 480 1573 2017 1626; baseline 0.001 -13"><span class='ocrx_word' id='word_1_219' title='bbox 480 1573 683 1614; x_wconf 87' lang='lat' dir='ltr'><strong>vocaberis</strong></span> <span class='ocrx_word' id='word_1_220' title='bbox 714 1573 830 1621; x_wconf 87' lang='lat' dir='ltr'><strong>filius,</strong></span> <span class='ocrx_word' id='word_1_221' title='bbox 862 1573 931 1614; x_wconf 92' lang='lat' dir='ltr'><strong>sed</strong></span> <span class='ocrx_word' id='word_1_222' title='bbox 962 1574 1170 1614; x_wconf 86' lang='lat' dir='ltr'><strong>vocabitur</strong></span> <span class='ocrx_word' id='word_1_223' title='bbox 1198 1574 1271 1613; x_wconf 91' lang='lat' dir='ltr'><strong>tibi</strong></span> <span class='ocrx_word' id='word_1_224' title='bbox 1301 1586 1449 1614; x_wconf 90' lang='lat' dir='ltr'><strong>nomen</strong></span> <span class='ocrx_word' id='word_1_225' title='bbox 1469 1586 1631 1622; x_wconf 86' lang='lat' dir='ltr'><strong>novum,</strong></span> <span class='ocrx_word' id='word_1_226' title='bbox 1662 1574 1770 1626; x_wconf 93' lang='lat' dir='ltr'><strong>quod</strong></span> <span class='ocrx_word' id='word_1_227' title='bbox 1789 1587 1834 1615; x_wconf 90' lang='lat' dir='ltr'><strong>os</strong></span> <span class='ocrx_word' id='word_1_228' title='bbox 1854 1574 2017 1616; x_wconf 88' lang='lat' dir='ltr'><strong>Domini</strong></span> 
     </span>
     <span class='ocr_line' id='line_1_24' title="bbox 480 1629 2020 1679; baseline 0.002 -11"><span class='ocrx_word' id='word_1_229' title='bbox 480 1629 713 1669; x_wconf 85' lang='lat' dir='ltr'><strong>nominavit.</strong></span> <span class='ocrx_word' id='word_1_230' title='bbox 761 1629 870 1670; x_wconf 89' lang='lat' dir='ltr'><strong>Haec</strong></span> <span class='ocrx_word' id='word_1_231' title='bbox 900 1633 961 1670; x_wconf 90' lang='lat' dir='ltr'><strong>est</strong></span> <span class='ocrx_word' id='word_1_232' title='bbox 990 1629 1163 1670; x_wconf 89' lang='lat' dir='ltr'><strong>mutatio</strong></span> <span class='ocrx_word' id='word_1_233' title='bbox 1193 1629 1380 1670; x_wconf 87' lang='lat' dir='ltr'><strong>dexterae</strong></span> <span class='ocrx_word' id='word_1_234' title='bbox 1400 1630 1567 1679; x_wconf 83' lang='lat' dir='ltr'><strong>Excelsi‚</strong></span> <span class='ocrx_word' id='word_1_235' title='bbox 1598 1631 1639 1670; x_wconf 88' lang='lat' dir='ltr'><strong>et</strong></span> <span class='ocrx_word' id='word_1_236' title='bbox 1666 1630 1788 1671; x_wconf 92' lang='lat' dir='ltr'><strong>multi</strong></span> <span class='ocrx_word' id='word_1_237' title='bbox 1815 1630 1858 1670; x_wconf 92' lang='lat' dir='ltr'><strong>in</strong></span> <span class='ocrx_word' id='word_1_238' title='bbox 1886 1633 2020 1672; x_wconf 82' lang='lat' dir='ltr'><strong>muta-</strong></span> 
     </span>
    </p>
   </div>
   <div class='ocr_carea' id='block_1_10' title="bbox 481 1684 2098 1736">
    <p class='ocr_par' dir='ltr' id='par_1_10' title="bbox 481 1684 2098 1736">
     <span class='ocr_line' id='line_1_25' title="bbox 481 1684 2098 1736; baseline 0.002 -12"><span class='ocrx_word' id='word_1_239' title='bbox 481 1684 587 1724; x_wconf 85' lang='lat' dir='ltr'><strong>tione</strong></span> <span class='ocrx_word' id='word_1_240' title='bbox 608 1685 687 1724; x_wconf 90' lang='lat' dir='ltr'><strong>ista</strong></span> <span class='ocrx_word' id='word_1_241' title='bbox 707 1685 952 1736; x_wconf 87' lang='lat' dir='ltr'><strong>gaudebunt.</strong></span> <span class='ocrx_word' id='word_1_242' title='bbox 973 1685 1082 1725; x_wconf 90' lang='lat' dir='ltr'><strong>Nam</strong></span> <span class='ocrx_word' id='word_1_243' title='bbox 1103 1685 1446 1736; x_wconf 88' lang='lat' dir='ltr'><strong>quemadmodum</strong></span> <span class='ocrx_word' id='word_1_244' title='bbox 1461 1685 1557 1726; x_wconf 88' lang='lat' dir='ltr'><strong>olim</strong></span> <span class='ocrx_word' id='word_1_245' title='bbox 1571 1685 1724 1726; x_wconf 87' lang='lat' dir='ltr'><strong>Abram</strong></span> <span class='ocrx_word' id='word_1_246' title='bbox 1743 1685 1786 1726; x_wconf 91' lang='lat' dir='ltr'><strong>in</strong></span> <span class='ocrx_word' id='word_1_247' title='bbox 1801 1686 2018 1735; x_wconf 79' lang='lat' dir='ltr'><strong>Abraham,</strong></span> <span class='ocrx_word' id='word_1_248' title='bbox 2074 1694 2098 1721; x_wconf 64' lang='grc' dir='ltr'><strong>’ἰ</strong></span> 
     </span>
    </p>
   </div>
   <div class='ocr_carea' id='block_1_11' title="bbox 479 1740 2020 1796">
    <p class='ocr_par' dir='ltr' id='par_1_11' title="bbox 479 1740 2020 1796">
     <span class='ocr_line' id='line_1_26' title="bbox 479 1740 2020 1796; baseline 0.002 -16"><span class='ocrx_word' id='word_1_249' title='bbox 479 1740 599 1780; x_wconf 84' lang='lat' dir='ltr'><strong>Iacob</strong></span> <span class='ocrx_word' id='word_1_250' title='bbox 638 1740 676 1780; x_wconf 93' lang='lat' dir='ltr'><strong>in</strong></span> <span class='ocrx_word' id='word_1_251' title='bbox 707 1740 854 1787; x_wconf 83' lang='lat' dir='ltr'><strong>Israel:</strong></span> <span class='ocrx_word' id='word_1_252' title='bbox 897 1742 955 1789; x_wconf 91' lang='lat' dir='ltr'><strong>et,</strong></span> <span class='ocrx_word' id='word_1_253' title='bbox 995 1743 1041 1780; x_wconf 91' lang='lat' dir='ltr'><strong>ut</strong></span> <span class='ocrx_word' id='word_1_254' title='bbox 1072 1740 1119 1780; x_wconf 92' lang='lat' dir='ltr'><strong>de</strong></span> <span class='ocrx_word' id='word_1_255' title='bbox 1149 1740 1232 1781; x_wconf 88' lang='lat' dir='ltr'><strong>tuis</strong></span> <span class='ocrx_word' id='word_1_256' title='bbox 1262 1741 1392 1793; x_wconf 91' lang='lat' dir='ltr'><strong>magis</strong></span> <span class='ocrx_word' id='word_1_257' title='bbox 1422 1741 1796 1794; x_wconf 87' lang='lat' dir='ltr'><strong>praedecessoribus</strong></span> <span class='ocrx_word' id='word_1_258' title='bbox 1825 1742 1900 1783; x_wconf 91' lang='lat' dir='ltr'><strong>tibi</strong></span> <span class='ocrx_word' id='word_1_259' title='bbox 1929 1755 2020 1796; x_wconf 91' lang='lat' dir='ltr'><strong>pro-</strong></span> 
     </span>
    </p>
   </div>
   <div class='ocr_carea' id='block_1_12' title="bbox 482 1795 2098 1848">
    <p class='ocr_par' dir='ltr' id='par_1_12' title="bbox 482 1795 2098 1848">
     <span class='ocr_line' id='line_1_27' title="bbox 482 1795 2098 1848; baseline 0.002 -13"><span class='ocrx_word' id='word_1_260' title='bbox 482 1807 638 1848; x_wconf 86' lang='lat' dir='ltr'><strong>ponam,</strong></span> <span class='ocrx_word' id='word_1_261' title='bbox 669 1796 773 1836; x_wconf 91' lang='lat' dir='ltr'><strong>sicut</strong></span> <span class='ocrx_word' id='word_1_262' title='bbox 793 1795 931 1836; x_wconf 85' lang='lat' dir='ltr'><strong>Simon</strong></span> <span class='ocrx_word' id='word_1_263' title='bbox 952 1797 993 1836; x_wconf 92' lang='lat' dir='ltr'><strong>in</strong></span> <span class='ocrx_word' id='word_1_264' title='bbox 1015 1796 1206 1848; x_wconf 85' lang='lat' dir='ltr'><strong>Cepham,</strong></span> <span class='ocrx_word' id='word_1_265' title='bbox 1237 1795 1387 1837; x_wconf 88' lang='lat' dir='ltr'><strong>Saulus</strong></span> <span class='ocrx_word' id='word_1_266' title='bbox 1407 1797 1449 1836; x_wconf 92' lang='lat' dir='ltr'><strong>in</strong></span> <span class='ocrx_word' id='word_1_267' title='bbox 1469 1796 1667 1837; x_wconf 90' lang='lat' dir='ltr'><strong>Paulum:</strong></span> <span class='ocrx_word' id='word_1_268' title='bbox 1699 1797 1756 1838; x_wconf 90' lang='lat' dir='ltr'><strong>sic</strong></span> <span class='ocrx_word' id='word_1_269' title='bbox 1774 1797 1883 1838; x_wconf 91' lang='lat' dir='ltr'><strong>filius</strong></span> <span class='ocrx_word' id='word_1_270' title='bbox 1903 1810 2019 1839; x_wconf 89' lang='lat' dir='ltr'><strong>meus</strong></span> <span class='ocrx_word' id='word_1_271' title='bbox 2084 1804 2098 1811; x_wconf 79' lang='grc'>”</span> 
     </span>
    </p>
   </div>
   <div class='ocr_carea' id='block_1_13' title="bbox 481 1851 2021 1960">
    <p class='ocr_par' dir='ltr' id='par_1_13' title="bbox 481 1851 2021 1960">
     <span class='ocr_line' id='line_1_28' title="bbox 481 1851 2021 1906; baseline 0.002 -15"><span class='ocrx_word' id='word_1_272' title='bbox 481 1851 714 1891; x_wconf 88' lang='lat' dir='ltr'><strong>Bernardus</strong></span> <span class='ocrx_word' id='word_1_273' title='bbox 743 1851 785 1891; x_wconf 92' lang='lat' dir='ltr'><strong>in</strong></span> <span class='ocrx_word' id='word_1_274' title='bbox 814 1854 974 1904; x_wconf 89' lang='lat' dir='ltr'><strong>patrem</strong></span> <span class='ocrx_word' id='word_1_275' title='bbox 1002 1864 1140 1892; x_wconf 91' lang='lat' dir='ltr'><strong>meum</strong></span> <span class='ocrx_word' id='word_1_276' title='bbox 1170 1852 1410 1904; x_wconf 85' lang='lat' dir='ltr'><strong>Eugenium,</strong></span> <span class='ocrx_word' id='word_1_277' title='bbox 1440 1853 1548 1893; x_wconf 87' lang='lat' dir='ltr'><strong>laeta</strong></span> <span class='ocrx_word' id='word_1_278' title='bbox 1575 1865 1743 1906; x_wconf 90' lang='lat' dir='ltr'><strong>prorsus</strong></span> <span class='ocrx_word' id='word_1_279' title='bbox 1773 1854 1815 1895; x_wconf 87' lang='lat' dir='ltr'><strong>et</strong></span> <span class='ocrx_word' id='word_1_280' title='bbox 1842 1853 2021 1903; x_wconf 67' lang='lat' dir='ltr'><strong>uti1i,2ut</strong></span> 
     </span>
     <span class='ocr_line' id='line_1_29' title="bbox 481 1907 2021 1960; baseline 0.003 -14"><span class='ocrx_word' id='word_1_281' title='bbox 481 1919 710 1959; x_wconf 85' lang='lat' dir='ltr'><strong>speramus,</strong></span> <span class='ocrx_word' id='word_1_282' title='bbox 746 1907 1009 1948; x_wconf 86' lang='lat' dir='ltr'><strong>translatione</strong></span> <span class='ocrx_word' id='word_1_283' title='bbox 1048 1908 1256 1960; x_wconf 91' lang='lat' dir='ltr'><strong>promotus</strong></span> <span class='ocrx_word' id='word_1_284' title='bbox 1287 1909 1359 1949; x_wconf 89' lang='lat' dir='ltr'><strong>est.</strong></span> <span class='ocrx_word' id='word_1_285' title='bbox 1417 1908 1580 1960; x_wconf 86' lang='lat' dir='ltr'><strong>Digitus</strong></span> <span class='ocrx_word' id='word_1_286' title='bbox 1610 1908 1684 1948; x_wconf 90' lang='lat' dir='ltr'><strong>Dei</strong></span> <span class='ocrx_word' id='word_1_287' title='bbox 1705 1910 1768 1950; x_wconf 89' lang='lat' dir='ltr'><strong>est</strong></span> <span class='ocrx_word' id='word_1_288' title='bbox 1796 1908 1894 1958; x_wconf 78' lang='lat' dir='ltr'><strong>iste,</strong></span> <span class='ocrx_word' id='word_1_289' title='bbox 1931 1921 2021 1951; x_wconf 92' lang='lat' dir='ltr'><strong>sus-</strong></span> 
     </span>
    </p>
   </div>
   <div class='ocr_carea' id='block_1_14' title="bbox 2042 0 2098 977">
    <p class='ocr_par' dir='ltr' id='par_1_14' title="bbox 2042 0 2098 977">
     <span class='ocr_line' id='line_1_30' title="bbox 2042 0 2098 977; baseline 0 0"><span class='ocrx_word' id='word_1_290' title='bbox 2042 0 2098 977; x_wconf 95' lang='lat' dir='ltr'><strong> </strong></span> 
     </span>
    </p>
   </div>
   <div class='ocr_carea' id='block_1_15' title="bbox 481 1962 2019 2018">
    <p class='ocr_par' dir='ltr' id='par_1_15' title="bbox 481 1960 2098 2024">
     <span class='ocr_line' id='line_1_31' title="bbox 481 1962 2019 2018; baseline 0.002 -16"><span class='ocrx_word' id='word_1_291' title='bbox 481 1962 608 2002; x_wconf 90' lang='lat' dir='ltr'><strong>citans</strong></span> <span class='ocrx_word' id='word_1_292' title='bbox 639 1962 687 2002; x_wconf 91' lang='lat' dir='ltr'><strong>de</strong></span> <span class='ocrx_word' id='word_1_293' title='bbox 717 1963 880 2015; x_wconf 89' lang='lat' dir='ltr'><strong>pulvere</strong></span> <span class='ocrx_word' id='word_1_294' title='bbox 920 1976 1093 2015; x_wconf 91' lang='lat' dir='ltr'><strong>egenum</strong></span> <span class='ocrx_word' id='word_1_295' title='bbox 1131 1965 1172 2003; x_wconf 91' lang='lat' dir='ltr'><strong>et</strong></span> <span class='ocrx_word' id='word_1_296' title='bbox 1211 1963 1259 2003; x_wconf 92' lang='lat' dir='ltr'><strong>de</strong></span> <span class='ocrx_word' id='word_1_297' title='bbox 1298 1965 1471 2004; x_wconf 87' lang='lat' dir='ltr'><strong>stercore</strong></span> <span class='ocrx_word' id='word_1_298' title='bbox 1509 1965 1668 2016; x_wconf 87' lang='lat' dir='ltr'><strong>erigens</strong></span> <span class='ocrx_word' id='word_1_299' title='bbox 1702 1977 1942 2018; x_wconf 87' lang='lat' dir='ltr'><strong>pauperem,</strong></span> <span class='ocrx_word' id='word_1_300' title='bbox 1971 1967 2019 2006; x_wconf 92' lang='lat' dir='ltr'><strong>ut</strong></span> 
     </span>
    </p>
   </div>
   <div class='ocr_carea' id='block_1_16' title="bbox 480 2018 2022 2408">
    <p class='ocr_par' dir='ltr' id='par_1_16' title="bbox 482 2018 1668 2072">
     <span class='ocr_line' id='line_1_32' title="bbox 482 2018 1668 2072; baseline 0.003 -15"><span class='ocrx_word' id='word_1_301' title='bbox 482 2018 620 2058; x_wconf 86' lang='lat' dir='ltr'><strong>sedeat</strong></span> <span class='ocrx_word' id='word_1_302' title='bbox 650 2031 742 2058; x_wconf 92' lang='lat' dir='ltr'><strong>cum</strong></span> <span class='ocrx_word' id='word_1_303' title='bbox 774 2018 1019 2071; x_wconf 84' lang='lat' dir='ltr'><strong>principibus</strong></span> <span class='ocrx_word' id='word_1_304' title='bbox 1050 2021 1090 2059; x_wconf 90' lang='lat' dir='ltr'><strong>et</strong></span> <span class='ocrx_word' id='word_1_305' title='bbox 1120 2019 1265 2059; x_wconf 89' lang='lat' dir='ltr'><strong>solium</strong></span> <span class='ocrx_word' id='word_1_306' title='bbox 1296 2020 1445 2071; x_wconf 90' lang='lat' dir='ltr'><strong>gloriae</strong></span> <span class='ocrx_word' id='word_1_307' title='bbox 1475 2020 1668 2072; x_wconf 86' lang='lat' dir='ltr'><strong>teneat.*)</strong></span> 
     </span>
    </p>

    <p class='ocr_par' dir='ltr' id='par_1_17' title="bbox 480 2074 2022 2408">
     <span class='ocr_line' id='line_1_33' title="bbox 601 2074 2020 2129; baseline 0.002 -15"><span class='ocrx_word' id='word_1_308' title='bbox 601 2074 816 2126; x_wconf 80' lang='lat' dir='ltr'><strong>Superest,</strong></span> <span class='ocrx_word' id='word_1_309' title='bbox 854 2076 920 2122; x_wconf 92' lang='lat' dir='ltr'><strong>ut,</strong></span> <span class='ocrx_word' id='word_1_310' title='bbox 959 2074 1066 2115; x_wconf 85' lang='lat' dir='ltr'><strong>facta</strong></span> <span class='ocrx_word' id='word_1_311' title='bbox 1102 2075 1179 2115; x_wconf 85' lang='lat' dir='ltr'><strong>hac</strong></span> <span class='ocrx_word' id='word_1_312' title='bbox 1206 2075 1431 2116; x_wconf 87' lang='lat' dir='ltr'><strong>mutatione</strong></span> <span class='ocrx_word' id='word_1_313' title='bbox 1461 2075 1542 2124; x_wconf 94' lang='lat' dir='ltr'><strong>tui,</strong></span> <span class='ocrx_word' id='word_1_314' title='bbox 1579 2075 1669 2128; x_wconf 84' lang='lat' dir='ltr'><strong>ipsa</strong></span> <span class='ocrx_word' id='word_1_315' title='bbox 1697 2087 1878 2128; x_wconf 89' lang='lat' dir='ltr'><strong>quoque,</strong></span> <span class='ocrx_word' id='word_1_316' title='bbox 1917 2089 2020 2129; x_wconf 88' lang='lat' dir='ltr'><strong>quae</strong></span> 
     </span>
     <span class='ocr_line' id='line_1_34' title="bbox 484 2129 2021 2184; baseline 0.003 -16"><span class='ocrx_word' id='word_1_317' title='bbox 484 2129 557 2168; x_wconf 89' lang='lat' dir='ltr'><strong>tibi</strong></span> <span class='ocrx_word' id='word_1_318' title='bbox 595 2130 809 2170; x_wconf 88' lang='lat' dir='ltr'><strong>commissa</strong></span> <span class='ocrx_word' id='word_1_319' title='bbox 839 2131 916 2178; x_wconf 88' lang='lat' dir='ltr'><strong>est,</strong></span> <span class='ocrx_word' id='word_1_320' title='bbox 956 2130 1118 2171; x_wconf 91' lang='lat' dir='ltr'><strong>Domini</strong></span> <span class='ocrx_word' id='word_1_321' title='bbox 1149 2131 1209 2170; x_wconf 89' lang='lat' dir='ltr'><strong>tui</strong></span> <span class='ocrx_word' id='word_1_322' title='bbox 1239 2143 1387 2184; x_wconf 89' lang='lat' dir='ltr'><strong>sponsa</strong></span> <span class='ocrx_word' id='word_1_323' title='bbox 1414 2133 1598 2172; x_wconf 90' lang='lat' dir='ltr'><strong>mutetur</strong></span> <span class='ocrx_word' id='word_1_324' title='bbox 1625 2131 1666 2171; x_wconf 89' lang='lat' dir='ltr'><strong>in</strong></span> <span class='ocrx_word' id='word_1_325' title='bbox 1695 2131 1841 2173; x_wconf 90' lang='lat' dir='ltr'><strong>melius</strong></span> <span class='ocrx_word' id='word_1_326' title='bbox 1870 2133 1912 2173; x_wconf 86' lang='lat' dir='ltr'><strong>et</strong></span> <span class='ocrx_word' id='word_1_327' title='bbox 1938 2132 2021 2173; x_wconf 88' lang='lat' dir='ltr'><strong>iam</strong></span> 
     </span>
     <span class='ocr_line' id='line_1_35' title="bbox 481 2185 2020 2241; baseline 0.003 -17"><span class='ocrx_word' id='word_1_328' title='bbox 481 2197 531 2225; x_wconf 89' lang='lat' dir='ltr'><strong>ne</strong></span> <span class='ocrx_word' id='word_1_329' title='bbox 563 2197 770 2237; x_wconf 87' lang='lat' dir='ltr'><strong>quaquam</strong></span> <span class='ocrx_word' id='word_1_330' title='bbox 802 2185 936 2234; x_wconf 79' lang='lat' dir='ltr'><strong>Sarai,</strong></span> <span class='ocrx_word' id='word_1_331' title='bbox 974 2186 1044 2226; x_wconf 86' lang='lat' dir='ltr'><strong>sed</strong></span> <span class='ocrx_word' id='word_1_332' title='bbox 1086 2185 1207 2226; x_wconf 87' lang='lat' dir='ltr'><strong>Sarra</strong></span> <span class='ocrx_word' id='word_1_333' title='bbox 1244 2186 1292 2227; x_wconf 92' lang='lat' dir='ltr'><strong>de</strong></span> <span class='ocrx_word' id='word_1_334' title='bbox 1330 2188 1486 2227; x_wconf 90' lang='lat' dir='ltr'><strong>caetero</strong></span> <span class='ocrx_word' id='word_1_335' title='bbox 1525 2187 1766 2228; x_wconf 89' lang='lat' dir='ltr'><strong>nominetur.</strong></span> <span class='ocrx_word' id='word_1_336' title='bbox 1833 2187 2020 2241; x_wconf 85' lang='lat' dir='ltr'><strong>Intellige</strong></span> 
     </span>
     <span class='ocr_line' id='line_1_36' title="bbox 485 2241 2021 2298; baseline 0.003 -18"><span class='ocrx_word' id='word_1_337' title='bbox 485 2253 588 2291; x_wconf 91' lang='lat' dir='ltr'><strong>quae</strong></span> <span class='ocrx_word' id='word_1_338' title='bbox 605 2241 712 2288; x_wconf 86' lang='lat' dir='ltr'><strong>dico;</strong></span> <span class='ocrx_word' id='word_1_339' title='bbox 745 2241 856 2281; x_wconf 91' lang='lat' dir='ltr'><strong>dabit</strong></span> <span class='ocrx_word' id='word_1_340' title='bbox 875 2241 984 2281; x_wconf 90' lang='lat' dir='ltr'><strong>enim</strong></span> <span class='ocrx_word' id='word_1_341' title='bbox 1003 2242 1078 2282; x_wconf 91' lang='lat' dir='ltr'><strong>tibi</strong></span> <span class='ocrx_word' id='word_1_342' title='bbox 1098 2241 1296 2282; x_wconf 90' lang='lat' dir='ltr'><strong>Dominus</strong></span> <span class='ocrx_word' id='word_1_343' title='bbox 1325 2242 1588 2283; x_wconf 88' lang='lat' dir='ltr'><strong>intellectum.</strong></span> <span class='ocrx_word' id='word_1_344' title='bbox 1638 2242 1682 2284; x_wconf 88' lang='lat' dir='ltr'><strong>Si</strong></span> <span class='ocrx_word' id='word_1_345' title='bbox 1702 2243 1855 2284; x_wconf 84' lang='lat' dir='ltr'><strong>amicus</strong></span> <span class='ocrx_word' id='word_1_346' title='bbox 1885 2243 2021 2298; x_wconf 87' lang='lat' dir='ltr'><strong>sponsi</strong></span> 
     </span>
     <span class='ocr_line' id='line_1_37' title="bbox 480 2297 2020 2353; baseline 0.003 -18"><span class='ocrx_word' id='word_1_347' title='bbox 480 2308 540 2343; x_wconf 88' lang='lat' dir='ltr'><strong>es,</strong></span> <span class='ocrx_word' id='word_1_348' title='bbox 578 2310 627 2336; x_wconf 91' lang='lat' dir='ltr'><strong>ne</strong></span> <span class='ocrx_word' id='word_1_349' title='bbox 667 2297 813 2337; x_wconf 86' lang='lat' dir='ltr'><strong>dixeris</strong></span> <span class='ocrx_word' id='word_1_350' title='bbox 853 2297 1042 2337; x_wconf 87' lang='lat' dir='ltr'><strong>dilectam</strong></span> <span class='ocrx_word' id='word_1_351' title='bbox 1083 2298 1168 2337; x_wconf 89' lang='lat' dir='ltr'><strong>eius</strong></span> <span class='ocrx_word' id='word_1_352' title='bbox 1209 2297 1438 2351; x_wconf 90' lang='lat' dir='ltr'><strong>Principem</strong></span> <span class='ocrx_word' id='word_1_353' title='bbox 1478 2311 1632 2348; x_wconf 89' lang='lat' dir='ltr'><strong>meam,</strong></span> <span class='ocrx_word' id='word_1_354' title='bbox 1680 2299 1751 2340; x_wconf 91' lang='lat' dir='ltr'><strong>sed</strong></span> <span class='ocrx_word' id='word_1_355' title='bbox 1779 2299 2020 2353; x_wconf 88' lang='lat' dir='ltr'><strong>Principem,</strong></span> 
     </span>
     <span class='ocr_line' id='line_1_38' title="bbox 481 2351 2022 2408; baseline 0.003 -17"><span class='ocrx_word' id='word_1_356' title='bbox 481 2351 540 2391; x_wconf 92' lang='lat' dir='ltr'><strong>nil</strong></span> <span class='ocrx_word' id='word_1_357' title='bbox 577 2355 694 2392; x_wconf 88' lang='lat' dir='ltr'><strong>tuum</strong></span> <span class='ocrx_word' id='word_1_358' title='bbox 723 2352 764 2392; x_wconf 94' lang='lat' dir='ltr'><strong>in</strong></span> <span class='ocrx_word' id='word_1_359' title='bbox 797 2364 844 2392; x_wconf 88' lang='lat' dir='ltr'><strong>ea</strong></span> <span class='ocrx_word' id='word_1_360' title='bbox 871 2352 1097 2402; x_wconf 83' lang='lat' dir='ltr'><strong>vindicans,</strong></span> <span class='ocrx_word' id='word_1_361' title='bbox 1127 2353 1205 2393; x_wconf 90' lang='lat' dir='ltr'><strong>nisi</strong></span> <span class='ocrx_word' id='word_1_362' title='bbox 1235 2354 1341 2405; x_wconf 92' lang='lat' dir='ltr'><strong>quod</strong></span> <span class='ocrx_word' id='word_1_363' title='bbox 1370 2367 1442 2407; x_wconf 90' lang='lat' dir='ltr'><strong>pro</strong></span> <span class='ocrx_word' id='word_1_364' title='bbox 1473 2366 1536 2403; x_wconf 87' lang='lat' dir='ltr'><strong>ea,</strong></span> <span class='ocrx_word' id='word_1_365' title='bbox 1566 2354 1599 2395; x_wconf 90' lang='lat' dir='ltr'><strong>si</strong></span> <span class='ocrx_word' id='word_1_366' title='bbox 1629 2355 1870 2408; x_wconf 87' lang='lat' dir='ltr'><strong>oportuerit,</strong></span> <span class='ocrx_word' id='word_1_367' title='bbox 1900 2355 2022 2396; x_wconf 89' lang='lat' dir='ltr'><strong>etiam</strong></span> 
     </span>
    </p>
   </div>
   <div class='ocr_carea' id='block_1_17' title="bbox 480 2493 2022 2906">
    <p class='ocr_par' dir='ltr' id='par_1_18' title="bbox 602 2493 1423 2536">
     <span class='ocr_line' id='line_1_39' title="bbox 602 2493 1423 2536; baseline 0.002 -9"><span class='ocrx_word' id='word_1_368' title='bbox 602 2494 636 2536; x_wconf 89' lang='lat' dir='ltr'><strong>a)</strong></span> <span class='ocrx_word' id='word_1_369' title='bbox 661 2493 865 2528; x_wconf 74' lang='lat' dir='ltr'><strong>findet-‘sich</strong></span> <span class='ocrx_word' id='word_1_370' title='bbox 891 2505 955 2527; x_wconf 91' lang='lat' dir='ltr'><strong>nur</strong></span> <span class='ocrx_word' id='word_1_371' title='bbox 978 2494 1013 2528; x_wconf 92' lang='lat' dir='ltr'><strong>in</strong></span> <span class='ocrx_word' id='word_1_372' title='bbox 1039 2495 1118 2528; x_wconf 85' lang='lat' dir='ltr'><strong>zwei</strong></span> <span class='ocrx_word' id='word_1_373' title='bbox 1143 2495 1423 2530; x_wconf 83' lang='lat' dir='ltr'><strong>Handschriften.</strong></span> 
     </span>
    </p>

    <p class='ocr_par' dir='ltr' id='par_1_19' title="bbox 480 2539 2022 2906">
     <span class='ocr_line' id='line_1_40' title="bbox 598 2539 2020 2587; baseline 0.004 -15"><span class='ocrx_word' id='word_1_374' title='bbox 598 2540 629 2582; x_wconf 88' lang='lat'><strong>*)</strong></span> <span class='ocrx_word' id='word_1_375' title='bbox 648 2539 724 2583; x_wconf 85' lang='lat' dir='ltr'><strong>Vgl.</strong></span> <span class='ocrx_word' id='word_1_376' title='bbox 752 2539 806 2573; x_wconf 85' lang='lat' dir='ltr'><strong>die</strong></span> <span class='ocrx_word' id='word_1_377' title='bbox 823 2539 928 2573; x_wconf 88' lang='lat' dir='ltr'><strong>Stelle</strong></span> <span class='ocrx_word' id='word_1_378' title='bbox 953 2540 998 2573; x_wconf 92' lang='lat' dir='ltr'><strong>im</strong></span> <span class='ocrx_word' id='word_1_379' title='bbox 1015 2541 1273 2584; x_wconf 76' lang='lat' dir='ltr'><strong>gleichzeitigen</strong></span> <span class='ocrx_word' id='word_1_380' title='bbox 1291 2541 1474 2575; x_wconf 86' lang='lat' dir='ltr'><strong>Schreiben</strong></span> <span class='ocrx_word' id='word_1_381' title='bbox 1499 2553 1542 2576; x_wconf 86' lang='lat' dir='ltr'><strong>an</strong></span> <span class='ocrx_word' id='word_1_382' title='bbox 1560 2541 1615 2576; x_wconf 86' lang='lat' dir='ltr'><strong>die</strong></span> <span class='ocrx_word' id='word_1_383' title='bbox 1631 2542 1817 2577; x_wconf 74' lang='lat' dir='ltr'><strong>Kardiniile</strong></span> <span class='ocrx_word' id='word_1_384' title='bbox 1836 2542 1901 2587; x_wconf 88' lang='lat' dir='ltr'><strong>(nr.</strong></span> <span class='ocrx_word' id='word_1_385' title='bbox 1919 2545 2020 2586; x_wconf 84' lang='lat'>237):</span> 
     </span>
     <span class='ocr_line' id='line_1_41' title="bbox 483 2585 2018 2632; baseline 0.001 -11"><span class='ocrx_word' id='word_1_386' title='bbox 483 2586 631 2626; x_wconf 68' lang='lat' dir='ltr'><strong>„Pareat</strong></span> <span class='ocrx_word' id='word_1_387' title='bbox 647 2585 741 2620; x_wconf 84' lang='lat' dir='ltr'><strong>vobis</strong></span> <span class='ocrx_word' id='word_1_388' title='bbox 763 2586 872 2627; x_wconf 82' lang='lat' dir='ltr'><strong>Deus3</strong></span> <span class='ocrx_word' id='word_1_389' title='bbox 900 2586 982 2630; x_wconf 88' lang='lat' dir='ltr'><strong>quid</strong></span> <span class='ocrx_word' id='word_1_390' title='bbox 999 2587 1129 2620; x_wconf 85' lang='lat' dir='ltr'><strong>fecistis</strong></span> <span class='ocrx_word' id='word_1_391' title='bbox 1140 2586 1157 2620; x_wconf 70' lang='grc' dir='ltr'><strong><em>Ῥ</em></strong></span> <span class='ocrx_word' id='word_1_392' title='bbox 1198 2587 1374 2631; x_wconf 88' lang='lat' dir='ltr'><strong>Sepultum</strong></span> <span class='ocrx_word' id='word_1_393' title='bbox 1392 2587 1562 2622; x_wconf 90' lang='lat' dir='ltr'><strong>hominem</strong></span> <span class='ocrx_word' id='word_1_394' title='bbox 1578 2589 1763 2623; x_wconf 83' lang='lat' dir='ltr'><strong>revocastis</strong></span> <span class='ocrx_word' id='word_1_395' title='bbox 1779 2589 1824 2622; x_wconf 84' lang='lat' dir='ltr'><strong>ad</strong></span> <span class='ocrx_word' id='word_1_396' title='bbox 1848 2589 2018 2632; x_wconf 81' lang='lat' dir='ltr'><strong>homines3</strong></span> 
     </span>
     <span class='ocr_line' id='line_1_42' title="bbox 480 2631 2019 2677; baseline 0.004 -13"><span class='ocrx_word' id='word_1_397' title='bbox 480 2631 687 2675; x_wconf 82' lang='lat' dir='ltr'><strong>fugitantem</strong></span> <span class='ocrx_word' id='word_1_398' title='bbox 705 2642 804 2665; x_wconf 88' lang='lat' dir='ltr'><strong>curas</strong></span> <span class='ocrx_word' id='word_1_399' title='bbox 820 2633 856 2665; x_wconf 90' lang='lat' dir='ltr'><strong>et</strong></span> <span class='ocrx_word' id='word_1_400' title='bbox 871 2632 991 2665; x_wconf 75' lang='lat' dir='ltr'><strong>turbas</strong></span> <span class='ocrx_word' id='word_1_401' title='bbox 1008 2633 1098 2665; x_wconf 79' lang='lat' dir='ltr'><strong>curis</strong></span> <span class='ocrx_word' id='word_1_402' title='bbox 1116 2632 1224 2666; x_wconf 88' lang='lat' dir='ltr'><strong>denuo</strong></span> <span class='ocrx_word' id='word_1_403' title='bbox 1243 2633 1472 2677; x_wconf 84' lang='lat' dir='ltr'><strong>implicuistis,</strong></span> <span class='ocrx_word' id='word_1_404' title='bbox 1498 2635 1533 2667; x_wconf 93' lang='lat' dir='ltr'><strong>et</strong></span> <span class='ocrx_word' id='word_1_405' title='bbox 1556 2634 1792 2669; x_wconf 85' lang='lat' dir='ltr'><strong>immiscuistis</strong></span> <span class='ocrx_word' id='word_1_406' title='bbox 1816 2635 1938 2669; x_wconf 84' lang='lat' dir='ltr'><strong>turbis.</strong></span> <span class='ocrx_word' id='word_1_407' title='bbox 1958 2662 1966 2670; x_wconf 90' lang='lat'><strong>.</strong></span> <span class='ocrx_word' id='word_1_408' title='bbox 1985 2662 1992 2670; x_wconf 90' lang='lat'><strong>.</strong></span> <span class='ocrx_word' id='word_1_409' title='bbox 2011 2661 2019 2670; x_wconf 86' lang='lat'><strong>.</strong></span> 
     </span>
     <span class='ocr_line' id='line_1_43' title="bbox 481 2677 2020 2733; baseline 0.003 -23"><span class='ocrx_word' id='word_1_410' title='bbox 481 2677 677 2711; x_wconf 86' lang='lat' dir='ltr'><strong>Ridiculum</strong></span> <span class='ocrx_word' id='word_1_411' title='bbox 702 2677 851 2722; x_wconf 88' lang='lat' dir='ltr'><strong>profecto</strong></span> <span class='ocrx_word' id='word_1_412' title='bbox 876 2677 1022 2720; x_wconf 86' lang='lat' dir='ltr'><strong>videtur,</strong></span> <span class='ocrx_word' id='word_1_413' title='bbox 1047 2689 1235 2722; x_wconf 87' lang='lat' dir='ltr'><strong>pannosum</strong></span> <span class='ocrx_word' id='word_1_414' title='bbox 1261 2678 1517 2713; x_wconf 88' lang='lat' dir='ltr'><strong>homuncionem</strong></span> <span class='ocrx_word' id='word_1_415' title='bbox 1535 2680 1662 2714; x_wconf 87' lang='lat' dir='ltr'><strong>assumi</strong></span> <span class='ocrx_word' id='word_1_416' title='bbox 1688 2680 1732 2714; x_wconf 87' lang='lat' dir='ltr'><strong>ad</strong></span> <span class='ocrx_word' id='word_1_417' title='bbox 1757 2680 2020 2733; x_wconf 76' lang='lat' dir='ltr'><strong>praesidendum</strong></span> 
     </span>
     <span class='ocr_line' id='line_1_44' title="bbox 481 2723 2020 2779; baseline 0.003 -23"><span class='ocrx_word' id='word_1_418' title='bbox 481 2723 703 2767; x_wconf 86' lang='lat' dir='ltr'><strong>principibus,</strong></span> <span class='ocrx_word' id='word_1_419' title='bbox 721 2723 765 2756; x_wconf 89' lang='lat' dir='ltr'><strong>ad</strong></span> <span class='ocrx_word' id='word_1_420' title='bbox 782 2723 1017 2767; x_wconf 89' lang='lat' dir='ltr'><strong>imperandum</strong></span> <span class='ocrx_word' id='word_1_421' title='bbox 1034 2724 1212 2768; x_wconf 83' lang='lat' dir='ltr'><strong>episcopis,</strong></span> <span class='ocrx_word' id='word_1_422' title='bbox 1231 2724 1281 2757; x_wconf 89' lang='lat' dir='ltr'><strong>ad</strong></span> <span class='ocrx_word' id='word_1_423' title='bbox 1299 2735 1404 2768; x_wconf 81' lang='lat' dir='ltr'><strong>regn</strong></span> <span class='ocrx_word' id='word_1_424' title='bbox 1416 2736 1435 2758; x_wconf 87' lang='lat' dir='ltr'><strong>a</strong></span> <span class='ocrx_word' id='word_1_425' title='bbox 1452 2727 1495 2759; x_wconf 88' lang='lat' dir='ltr'><strong>ct</strong></span> <span class='ocrx_word' id='word_1_426' title='bbox 1519 2725 1708 2770; x_wconf 87' lang='lat' dir='ltr'><strong>imperia</strong></span> <span class='ocrx_word' id='word_1_427' title='bbox 1733 2726 2020 2779; x_wconf 77' lang='lat' dir='ltr'><strong>disponenda.</strong></span> 
     </span>
     <span class='ocr_line' id='line_1_45' title="bbox 481 2769 2022 2817; baseline 0.004 -16"><span class='ocrx_word' id='word_1_428' title='bbox 481 2769 689 2811; x_wconf 84' lang='lat' dir='ltr'><strong>Ridiculum,</strong></span> <span class='ocrx_word' id='word_1_429' title='bbox 715 2779 757 2802; x_wconf 86' lang='lat' dir='ltr'><strong>an</strong></span> <span class='ocrx_word' id='word_1_430' title='bbox 774 2769 1003 2802; x_wconf 81' lang='lat' dir='ltr'><strong>miraculum?</strong></span> <span class='ocrx_word' id='word_1_431' title='bbox 1044 2770 1150 2803; x_wconf 85' lang='lat' dir='ltr'><strong>Plane</strong></span> <span class='ocrx_word' id='word_1_432' title='bbox 1167 2781 1270 2803; x_wconf 88' lang='lat' dir='ltr'><strong>unum</strong></span> <span class='ocrx_word' id='word_1_433' title='bbox 1295 2770 1424 2805; x_wconf 86' lang='lat' dir='ltr'><strong>horum.</strong></span> <span class='ocrx_word' id='word_1_434' title='bbox 1464 2771 1539 2805; x_wconf 92' lang='lat' dir='ltr'><strong>Non</strong></span> <span class='ocrx_word' id='word_1_435' title='bbox 1566 2782 1663 2815; x_wconf 85' lang='lat' dir='ltr'><strong>nego,</strong></span> <span class='ocrx_word' id='word_1_436' title='bbox 1687 2783 1754 2806; x_wconf 90' lang='lat' dir='ltr'><strong>non</strong></span> <span class='ocrx_word' id='word_1_437' title='bbox 1779 2771 1898 2806; x_wconf 73' lang='lat' dir='ltr'><strong>diffido</strong></span> <span class='ocrx_word' id='word_1_438' title='bbox 1922 2783 2022 2817; x_wconf 84' lang='lat' dir='ltr'><strong>posse</strong></span> 
     </span>
     <span class='ocr_line' id='line_1_46' title="bbox 482 2814 2020 2863; baseline 0.003 -15"><span class='ocrx_word' id='word_1_439' title='bbox 482 2814 586 2848; x_wconf 85' lang='lat' dir='ltr'><strong>fuisse</strong></span> <span class='ocrx_word' id='word_1_440' title='bbox 610 2815 673 2848; x_wconf 93' lang='lat' dir='ltr'><strong>hoc</strong></span> <span class='ocrx_word' id='word_1_441' title='bbox 696 2815 800 2848; x_wconf 88' lang='lat' dir='ltr'><strong>etiam</strong></span> <span class='ocrx_word' id='word_1_442' title='bbox 825 2825 908 2859; x_wconf 90' lang='lat' dir='ltr'><strong>opus</strong></span> <span class='ocrx_word' id='word_1_443' title='bbox 932 2815 1007 2857; x_wconf 86' lang='lat' dir='ltr'><strong>Dei,</strong></span> <span class='ocrx_word' id='word_1_444' title='bbox 1034 2815 1091 2859; x_wconf 91' lang='lat' dir='ltr'><strong>qui</strong></span> <span class='ocrx_word' id='word_1_445' title='bbox 1116 2815 1201 2849; x_wconf 84' lang='lat' dir='ltr'><strong>facit</strong></span> <span class='ocrx_word' id='word_1_446' title='bbox 1224 2816 1396 2850; x_wconf 87' lang='lat' dir='ltr'><strong>mirabilia</strong></span> <span class='ocrx_word' id='word_1_447' title='bbox 1420 2828 1545 2860; x_wconf 86' lang='lat' dir='ltr'><strong>magna</strong></span> <span class='ocrx_word' id='word_1_448' title='bbox 1570 2818 1683 2852; x_wconf 89' lang='lat' dir='ltr'><strong>solus:</strong></span> <span class='ocrx_word' id='word_1_449' title='bbox 1717 2818 1919 2863; x_wconf 82' lang='lat' dir='ltr'><strong>praesertim</strong></span> <span class='ocrx_word' id='word_1_450' title='bbox 1943 2829 2020 2852; x_wconf 91' lang='lat' dir='ltr'><strong>cum</strong></span> 
     </span>
     <span class='ocr_line' id='line_1_47' title="bbox 482 2861 2019 2906; baseline 0.003 -12"><span class='ocrx_word' id='word_1_451' title='bbox 482 2861 620 2894; x_wconf 83' lang='lat' dir='ltr'><strong>audiam</strong></span> <span class='ocrx_word' id='word_1_452' title='bbox 644 2871 886 2906; x_wconf 86' lang='lat' dir='ltr'><strong>usquequaque</strong></span> <span class='ocrx_word' id='word_1_453' title='bbox 911 2871 950 2894; x_wconf 86' lang='lat' dir='ltr'><strong>ex</strong></span> <span class='ocrx_word' id='word_1_454' title='bbox 971 2871 1027 2895; x_wconf 89' lang='lat' dir='ltr'><strong>ore</strong></span> <span class='ocrx_word' id='word_1_455' title='bbox 1043 2861 1238 2904; x_wconf 85' lang='lat' dir='ltr'><strong>multorum,</strong></span> <span class='ocrx_word' id='word_1_456' title='bbox 1264 2862 1423 2906; x_wconf 89' lang='lat' dir='ltr'><strong>quoniam</strong></span> <span class='ocrx_word' id='word_1_457' title='bbox 1448 2874 1469 2896; x_wconf 89' lang='lat' dir='ltr'><strong>a</strong></span> <span class='ocrx_word' id='word_1_458' title='bbox 1492 2863 1638 2898; x_wconf 90' lang='lat' dir='ltr'><strong>Domino</strong></span> <span class='ocrx_word' id='word_1_459' title='bbox 1660 2864 1790 2898; x_wconf 83' lang='lat' dir='ltr'><strong>factum</strong></span> <span class='ocrx_word' id='word_1_460' title='bbox 1813 2865 1868 2898; x_wconf 85' lang='lat' dir='ltr'><strong>est</strong></span> <span class='ocrx_word' id='word_1_461' title='bbox 1890 2863 2019 2898; x_wconf 79' lang='lat' dir='ltr'><strong>istud.“</strong></span> 
     </span>
    </p>
   </div>
  </div>
 </body>
</html>
