2098 3432
442 294 496 334 62

444 417 567 457 quam
599 404 759 445 domino
789 417 895 454 meo,
924 404 1039 444 fratri
1069 405 1221 452 vestro,
1261 403 1475 455 C(onrado)
1505 403 1780 444 Romanorum
1809 403 1981 456 impera-

443 461 520 502 tori
552 462 725 512 augusto
758 461 974 501 sanitatem
1005 462 1045 500 et
1074 459 1389 500 incolomitatem
1425 462 1464 500 et
1495 459 1543 500 de
1573 459 1743 500 inimicis
1772 459 1980 500 victoriam

446 517 626 558 conferre
659 517 857 568 dignetur,
889 518 930 557 et
959 516 1101 556 dilatet
1131 517 1252 567 atque
1272 515 1504 567 magnificet
1524 515 1690 568 imperia
1709 517 1844 556 vestra
1861 527 1981 568 super

444 572 580 614 omnia
619 585 745 625 regna
782 573 887 613 orbis
927 574 1148 620 terrarum,
1181 571 1285 612 sicut
1313 571 1452 624 priscis
1481 571 1728 624 temporibus
1758 571 1882 612 fuisse
1909 583 1982 624 per

444 629 632 670 historias
676 630 860 670 veterum
904 629 1212 680 cognoscuntur.
1270 627 1492 668 Hortamur
1537 627 1659 667 etiam
1704 628 1745 667 et
1782 626 1980 668 continuis

444 685 609 726 monitis
665 685 936 737 suggerimus,
987 686 1034 724 ut
1084 683 1287 736 precelsus
1333 685 1373 723 et
1415 683 1724 735 gloriosissimus
1766 682 1982 735 imperator

445 743 583 782 noster
621 741 844 782 amiciciam
882 742 922 781 et
952 740 1185 780 societatem
1215 740 1391 779 vestram
1419 739 1591 779 fideliter
1621 751 1666 779 ac
1693 738 1862 779 firmiter
1890 751 1982 779 con-

447 798 579 838 servet
611 798 650 837 et
689 796 824 837 omnia
851 798 1008 836 vestrae
1038 795 1241 836 maiestati
1270 795 1468 848 promissa
1499 795 1584 835 sine
1614 795 1698 834 ulla
1717 794 1981 836 diminutione

446 853 658 906 compleat.
708 853 755 893 In
778 865 856 905 quo
877 852 1078 906 proposito
1099 852 1183 904 ipse
1213 850 1469 892 felicissimus
1498 851 1682 903 princeps
1711 862 1804 890 cum
1833 862 1982 902 magna

445 909 593 949 mentis
624 909 850 949 constantia
870 920 1141 961 perseverans,
1171 907 1331 948 ordinat
1350 907 1516 947 viriliter
1546 906 1836 959 expeditionem
1865 918 1981 946 suam

449 965 499 1005 ad
529 966 664 1018 partes
687 965 846 1006 Siciliae
876 966 917 1004 et
936 964 1105 1017 Apuliae
1136 965 1274 1004 contra
1303 975 1558 1004 communem
1588 963 1746 1003 hostem
1768 961 1982 1014 utriusque

443 1021 613 1074 imperii.
671 1021 772 1061 Inde
817 1022 894 1069 est,
940 1020 1047 1072 quod
1090 1019 1292 1060 mediante
1336 1019 1525 1072 preterito
1570 1030 1707 1059 mense
1747 1017 1982 1071 Septembre

443 1077 550 1130 apud
591 1077 798 1118 civitatem
836 1076 1086 1129 Herbipolim
1117 1075 1314 1128 quosdam
1344 1075 1542 1128 principes
1586 1073 1744 1127 imperii
1788 1073 1852 1114 sui
1891 1086 1982 1115 evo-

442 1133 570 1180 cavit;
620 1133 688 1174 ubi
716 1133 858 1185 „etiam
903 1134 1174 1173 convenerunt
1213 1131 1461 1172 Coloniensis
1499 1130 1839 1182 archiepiscopus,
1881 1129 1982 1170 Bre—

442 1189 594 1230 mensis
641 1186 982 1242 archiepiscopus,
1023 1187 1376 1228 Halverstadensis
1416 1187 1645 1240 episcopus,
1689 1185 1866 1227 Cicensis
1897 1185 1978 1238 epi-

443 1258 612 1298 scopus,
671 1244 1019 1297 Bavenbergensis
1083 1243 1315 1296 episcopus,
1374 1241 1697 1294 Mersburgensis
1761 1241 1982 1294 episcopus,

443 1301 746 1354 Herbipolensis
790 1301 1016 1354 episcopus,
1058 1299 1365 1352 Argentinensis
1397 1298 1625 1351 episcopus,
1668 1297 1978 1338 Wormaciensis

445 1357 673 1410 episcopus,
712 1357 927 1409 Pragensis
959 1356 1168 1409 episcopus
1198 1358 1238 1396 et
1267 1355 1390 1407 legati
1419 1355 1669 1395 diversorum
1699 1353 1976 1406 episcoporum

442 1426 488 1454 ac
525 1413 774 1466 principum;
815 1414 855 1453 et
893 1413 942 1453 de
979 1411 1090 1452 laicis
1128 1411 1374 1464 principibus
1413 1411 1685 1451 convenerunt
1720 1409 1899 1450 marchio
1929 1408 1978 1450 de

439 1469 588 1518 Witin‚
632 1469 810 1510 marchio
851 1469 900 1509 de
937 1467 1248 1515 Brandeburch,
1291 1466 1495 1520 palatinus
1535 1478 1668 1506 comes
1707 1465 1756 1505 de
1786 1465 1978 1514 Bawaria‚

442 1538 574 1567 comes
617 1525 664 1565 de
694 1525 992 1566 Wincenburch
1031 1524 1074 1564 in
1104 1523 1305 1572 ‚Saxonia,
1348 1522 1549 1576 prefectus
1584 1521 1695 1562 urbis
1736 1520 1982 1573 Moguntiae,

442 1582 642 1635 prefectus
682 1581 792 1622 urbis
829 1580 1077 1633 Herbipolis,
1119 1580 1321 1633 prefectus
1360 1578 1471 1628 urbis
1508 1577 1787 1626 Bavenberch,
1832 1578 1873 1617 et
1912 1576 1979 1617 alii

442 1638 561 1678 multi
581 1637 758 1686 comites,
787 1637 971 1678 honorati
993 1638 1033 1677 et
1060 1635 1225 1677 nobiles.
1274 1635 1352 1686 Qui
1373 1646 1512 1675 omnes
1542 1646 1634 1674 cum
1663 1645 1813 1685 magna
1840 1632 1980 1674 volun-

441 1694 537 1734 tatis
576 1693 798 1742 hilaritate,
837 1693 946 1733 fide
984 1693 1101 1733 data
1140 1693 1187 1732 et
1225 1691 1511 1732 iuramento
1548 1689 1794 1743 prestito,
1830 1688 1980 1742 promi-

441 1752 600 1799 serunt,
636 1749 743 1801 quod
774 1749 823 1790 ad
853 1749 1023 1789 eandem
1053 1747 1344 1801 expeditionem
1376 1759 1487 1787 cum
1525 1745 1657 1786 omni
1693 1745 1894 1786 virtute
1933 1746 1982 1785 et

438 1805 683 1860 potentia
702 1805 932 1846 militiae
954 1817 1076 1845 suae
1098 1804 1259 1844 venient
1283 1805 1323 1844 et
1336 1801 1686 1856 p1·osequentur.*)
1716 1801 1801 1842 Nos
1818 1812 1978 1852 quoque

438 1863 479 1903 in
507 1862 648 1903 eadem
671 1861 918 1914 expeditione
945 1874 1038 1901 cum
1059 1862 1198 1901 nostra
1221 1859 1366 1900 militia
1387 1858 1546 1900 domino
1572 1858 1708 1899 nostro
1723 1856 1984 1905 famulantes,

442 1918 742 1959 sanctissimam
770 1917 913 1958 faciem
934 1919 1113 1958 vestram
1143 1918 1183 1956 et
1202 1915 1438 1968 permaximi
1468 1914 1624 1967 imperii
1654 1913 1777 1954 vestri
1797 1913 1982 1954 decorem

443 1975 576 2015 videre
606 1974 692 2014 Deo
722 1975 927 2026 prestante
956 1972 1213 2013 merebimur.
1271 1970 1571 2011 Munificentiae
1600 1968 1799 2023 imperiali
1829 1967 1980 2021 gratias

442 2031 654 2072 referimus
671 2061 680 2078 ,
734 2030 839 2082 quod
892 2029 1210 2070 benedictionem
1265 2029 1440 2068 vestram
1491 2026 1606 2067 nobis
1660 2025 1792 2066 adhuc
1834 2024 1982 2076 ignotis

442 2086 734 2128 transmisistis.

554 2212 585 2254 *)
613 2211 654 2244 Iu
681 2210 756 2244 (lem
774 2208 886 2242 Bricfc
917 2219 959 2241 an
983 2207 1102 2250 Eugen
1119 2206 1183 2240 111.
1210 2206 1362 2240 schreibt
1377 2205 1536 2239 Konrad:
1562 2205 1681 2250 Ibique
1707 2204 1756 2250 (in
1774 2204 1982 2248 Wiirzburg)

444 2258 691 2303 expeditionem
727 2255 905 2294 Italicam,
943 2253 1147 2298 receptis
1184 2264 1204 2286 a
1240 2252 1528 2296 principibus
1565 2251 1635 2296 qui
1674 2252 1983 2285 convenerant

440 2305 529 2338 fide
561 2306 603 2338 et
628 2313 797 2336 sacram
812 2302 935 2341 ento,
958 2299 1142 2333 efficaciter
1167 2299 1408 2333 ordinavimus.
1450 2292 1541 2331 Uber
1566 2298 1620 2331 «lic
1637 2297 1738 2339 ffltte,
1762 2296 1982 2331 Reichsheer-

445 2351 580 2385 fahrten
606 2361 645 2383 zu
670 2348 897 2388 beschworen,
923 2346 991 2389 vgl.
1016 2345 1188 2385 Weiland,
1214 2345 1278 2378 Die
1302 2343 1604 2377 Rcichshem·salu·t
1629 2355 1656 2378 v.
1673 2342 1839 2377 Heinrich
1860 2342 1902 2376 V.
1927 2341 1982 2376 bis

446 2396 612 2431 Heinrich
637 2395 695 2429 VI.
722 2393 809 2428 nach
836 2393 928 2427 ihrer
952 2391 1275 2425 staatsrechtlichen
1301 2391 1393 2424 Seite
1417 2389 1573 2434 (Forseli.
1598 2389 1676 2430 VII,
1706 2392 1768 2424 117
1794 2388 1844 2432 fi).

2082 969 2098 1175 *ma—m

2094 1499 2098 1519 ..
2091 1451 2098 1486 —x-
2085 1305 2098 1431 2ss»1..m
2091 1226 2098 1282 man-u
2092 1198 2098 1209 .-
