2098 3432
420 344 505 384 290

421 456 512 488 tores
537 452 767 494 ecclesiarum,
793 452 876 497 quid
900 453 990 487 inter
1013 453 1084 487 ista
1109 453 1213 488 michi
1240 454 1282 489 de
1305 454 1401 489 vobis
1427 454 1642 489 sentiendum
1657 454 1716 497 sit,
1764 455 1824 490 uid
1840 455 1962 491 timen-

425 500 506 533 dum
519 526 527 541 ,
562 498 685 543 quidve
719 499 769 532 vel
800 501 967 543 quantum
1001 499 1042 533 de
1074 501 1188 533 vestra
1220 499 1389 534 fidelitate
1424 501 1695 545 presumendum.
1769 501 1811 535 ed
1835 501 1916 546 quia
1939 513 1960 536 a
2034 503 2035 506 ’

422 545 567 579 Domino
592 544 756 578 iubemini
780 544 931 586 reddere,
958 555 1022 589 que
1038 547 1120 579 sunt
1134 545 1210 588 Dei,
1227 546 1309 588 Deo,
1334 548 1370 580 et
1394 557 1458 590 que
1483 548 1564 580 sunt
1579 546 1723 588 Cesar-ie,
1749 546 1876 590 Cesari,
1900 547 1960 588 sic,

421 602 513 635 rogo,
540 590 662 624 domno
687 601 772 634 pape
796 590 833 623 in
857 590 928 624 vice
946 590 1076 625 Christi
1102 591 1254 625 debitam
1270 592 1472 636 persolvatis
1492 592 1732 635 obedientiam,
1757 594 1797 626 ut
1811 593 1848 627 in
1863 595 1960 638 parte

421 637 530 670 altera
553 647 576 670 a
599 636 671 670 Deo
695 635 921 670 constitutam
945 647 1011 670 non
1036 637 1222 680 negligatis
1245 637 1449 672 iustitiam.“

536 681 591 715 Ad
613 682 675 715 hec
691 682 796 715 verba
814 693 956 726 surgens
971 682 1114 716 domnus
1128 682 1304 717 Conradus
1316 683 1539 727 Moguntinus
1554 685 1693 728 accepta
1706 683 1962 728 opportunitate

422 728 471 762 sic
484 729 618 762 locutus
633 729 703 761 est:
724 727 887 770 ‚,Domne,
901 739 1061 772 rogamus
1079 729 1297 763 serenitatem
1314 731 1473 772 vestram,
1490 731 1531 763 ut
1542 729 1719 774 paululum
1731 730 1833 764 verba
1844 732 1962 765 nostra

424 773 626 808 attendatis.
677 773 784 807 Casus
809 773 886 816 iste,
904 774 939 807 in
954 785 1019 819 quo
1033 774 1187 808 laborare
1200 775 1364 818 videmur,
1386 775 1500 819 gravis
1514 777 1576 810 est.
1613 775 1686 809 Nec
1702 777 1856 810 nostrum
1873 775 1962 811 inter

422 831 481 854 vos
507 821 625 853 tantas
650 830 847 862 componere
871 819 951 853 lites
969 820 1126 864 (Vergilii
1143 820 1258 864 Eclog.
1277 821 1323 863 ΙΙ,
1344 821 1434 863 108),
1452 821 1543 866 quia,
1570 821 1660 855 sicut
1682 821 1783 866 paulo
1808 822 1963 867 superius

422 865 570 907 dixistis,
596 876 635 899 ex
659 876 729 899 una
754 867 852 910 parte
877 867 1032 899 tenemur
1048 866 1199 908 reddere,
1225 878 1290 911 que
1308 868 1390 900 sunt
1404 867 1480 909 Dei,
1497 867 1580 909 Deo,
1606 877 1646 901 ex
1663 867 1783 910 altera,
1801 878 1866 912 que
1883 869 1964 902 sunt

422 911 567 952 Cesaris,
593 911 720 946 Cesari.
758 911 891 945 Domno
915 911 1042 946 etenim
1066 922 1153 956 pape
1178 913 1218 946 ut
1241 912 1333 957 patri
1357 913 1517 957 spiritali,
1551 913 1610 958 qui
1635 923 1736 956 super
1759 923 1874 948 omnes
1897 915 1962 956 est,

422 957 552 991 iustum
578 958 632 991 est
656 956 700 990 ad
725 957 839 991 omnia
863 958 1116 1002 promptissime
1149 957 1303 1001 obedire,
1334 959 1429 992 vobis
1462 960 1595 1001 autem,
1631 969 1731 1004 quem
1754 958 1848 994 Deus
1871 958 1961 1003 prin-

422 1003 530 1048 oipem
555 1004 591 1036 et
614 1003 856 1048 imperatorem
881 1003 1028 1037 Romani
1053 1003 1144 1038 orbis
1169 1004 1344 1047 exaltavit,
1378 1004 1432 1038 cui
1457 1005 1646 1039 hominium
1668 1004 1820 1047 fecimus,
1853 1015 1874 1039 a
1897 1015 1963 1050 quo

423 1050 458 1083 et
482 1049 686 1094 temporalia
710 1049 935 1093 possidemus,
969 1049 1012 1083 ad
1039 1050 1270 1094 exsequendas
1302 1061 1418 1084 omnes
1441 1050 1596 1085 iustitias
1622 1052 1752 1084 vestras
1775 1050 1849 1085 iure
1872 1052 1965 1086 tene·

423 1106 499 1129 mur
517 1094 688 1129 assistere.
726 1094 828 1129 Nunc
843 1106 923 1139 ergo
940 1096 1013 1130 sine
1029 1095 1216 1140 preiudicio
1231 1096 1381 1130 melioris
1406 1096 1550 1139 consilii,
1575 1097 1605 1131 si
1621 1096 1744 1142 placet,
1770 1096 1964 1132 scribantur

422 1141 538 1175 littere
565 1141 686 1175 domno
711 1151 799 1184 pape
823 1152 863 1175 ex
886 1153 1032 1186 persona
1055 1142 1305 1186 episcoporum,
1335 1142 1372 1176 in
1397 1142 1522 1187 quibus
1547 1144 1816 1186 commoneatur,
1849 1144 1890 1178 ut
1912 1154 1963 1185 ea,

424 1198 489 1231 que
514 1186 558 1220 ad
575 1198 692 1231 pacem
717 1188 810 1229 sunt,
836 1187 1010 1222 vobiscum
1036 1187 1165 1222 sentiat
1189 1189 1225 1222 et
1247 1187 1422 1222 iustitiam
1446 1188 1541 1222 vobis
1564 1189 1601 1222 in
1625 1188 1692 1231 his,
1717 1199 1782 1234 que
1805 1188 1896 1223 iuste
1920 1189 1964 1223 ab

422 1244 460 1266 eo
485 1233 680 1276 exiguntur,
705 1233 843 1267 faciat.“

538 1290 675 1324 Placuit
704 1290 902 1335 imperatori
927 1291 962 1324 et
990 1291 1147 1325 omnibus
1183 1291 1361 1336 episcopis,
1395 1291 1485 1336 quod
1519 1291 1662 1327 dixerat.
1709 1291 1757 1326 Et
1780 1291 1825 1326 ad
1848 1291 1964 1326 volun-

424 1338 533 1370 tatem
558 1336 775 1381 imperatoris
801 1336 930 1381 scripta
953 1338 1007 1371 est
1030 1337 1187 1382 epistola,
1213 1338 1352 1382 signata
1375 1337 1480 1371 bullis
1505 1337 1655 1372 omnium
1679 1337 1913 1383 episcoporum
1927 1338 1964 1372 et

423 1382 557 1427 perlata
581 1382 626 1416 ad
651 1382 811 1416 domnum
835 1393 970 1427 papam.
1020 1382 1086 1424 Qui
1120 1394 1196 1417 cum
1230 1384 1374 1428 legisset
1397 1383 1598 1429 epistolam,
1635 1383 1816 1429 obstupuit
1838 1383 1880 1418 de
1903 1383 1966 1418 im-

424 1429 612 1462 mutatione
638 1429 889 1473 episcoporum,
923 1429 1004 1473 quia
1027 1429 1101 1474 ipse
1125 1440 1263 1463 causam
1289 1441 1349 1475 pro
1373 1429 1422 1463 eis
1455 1429 1638 1464 videbatur
1661 1429 1864 1475 sumpsisse,
1897 1429 1964 1475 ipsi

423 1485 500 1508 vero
535 1475 576 1508 de
608 1485 712 1508 causa
744 1474 916 1509 cecidisse.
965 1475 1037 1509 Nec
1070 1475 1182 1509 minus
1214 1478 1329 1510 tamen
1369 1476 1404 1509 in
1445 1476 1618 1520 proposito
1651 1486 1712 1510 suo
1743 1475 1899 1521 perstitit
1929 1477 1966 1510 et

426 1521 561 1554 veniens
586 1520 771 1560 Veronam,
806 1521 1045 1565 imperatorem
1075 1521 1229 1565 legitime
1260 1521 1404 1556 citatum
1437 1533 1498 1566 pro
1527 1521 1688 1567 capitulis
1722 1521 1964 1567 suprascriptis

424 1566 714 1601 excommunicare
739 1567 898 1602 decrevit.
946 1567 1001 1601 Ad
1035 1578 1135 1612 quem
1168 1568 1367 1602 accedentes
1391 1567 1601 1602 Veronenses
1626 1567 1800 1602 dixerunt:
1828 1567 1964 1611 ,‚Pater,

425 1612 512 1646 servi
538 1615 573 1646 et
598 1613 698 1646 amici
724 1613 840 1647 domni
863 1613 1080 1657 imperatoris
1112 1624 1246 1657 sumus,
1280 1624 1441 1658 rogamus
1473 1614 1695 1648 sanctitatem
1725 1615 1891 1656 vestram,
1924 1614 1966 1648 ut

425 1670 504 1693 eum
528 1659 563 1692 in
589 1659 729 1693 civitate
754 1661 872 1693 nostra
896 1659 994 1693 nobis
1017 1660 1234 1704 presentibus
1258 1671 1325 1694 non
1349 1659 1658 1702 excommunicetis,
1691 1659 1752 1694 sed
1777 1659 1868 1694 hanc
1890 1670 1966 1694 sen-

426 1781 640 1827 papstlichen
665 1780 737 1814 Hof
766 1780 956 1823 gesandten
981 1780 1163 1815 Bischofen
1187 1792 1217 1815 v.
1243 1781 1400 1815 Miinster
1423 1792 1456 1816 u.
1483 1779 1579 1822 Asti,
1613 1780 1679 1815 den
1702 1781 1812 1826 Papst
1834 1780 1965 1816 schein-

426 1828 488 1861 bar
511 1827 655 1870 giinstig
682 1838 721 1860 zu
747 1826 926 1867 stimmen;
953 1826 1064 1860 dieser
1087 1827 1222 1870 gelobte
1248 1837 1359 1871 sogar,
1384 1827 1522 1861 Folmar
1544 1826 1687 1861 niemals
1713 1826 1768 1862 die
1782 1826 1903 1862 Weihe
1925 1838 1964 1861 zu

426 1874 578 1908 erteilen.
635 1872 715 1907 Und
748 1871 924 1906 Friedrich
965 1872 1088 1907 sandte
1117 1873 1233 1907 seinen
1267 1872 1359 1907 Sohn
1390 1872 1557 1907 Heinrich
1598 1883 1657 1907 zur
1689 1872 1874 1917 Befreiung
1906 1872 1966 1908 des

426 1920 709 1954 Kirchenstaates
745 1918 821 1952 dem
845 1918 972 1963 Papste
1009 1930 1048 1952 zu
1079 1918 1183 1953 Hilfe.
1232 1918 1334 1953 Indes
1369 1918 1452 1953 bald
1477 1919 1601 1952 darauf
1630 1919 1735 1962 gebot
1757 1918 1875 1954 Urban
1899 1918 1965 1954 111.

427 1966 525 1999 nicht
559 1976 624 1999 nur
649 1965 713 1999 den
739 1964 886 1998 Stadten
910 1964 980 1998 und
1004 1964 1187 1999 Bischfifen
1210 1965 1365 2007 Italiens,
1391 1965 1468 1999 dem
1492 1965 1614 1999 Kaiser
1637 1964 1685 1999 im
1709 1964 1834 2009 Kriege
1857 1975 1966 2009 gegen

426 2012 597 2046 Kremona
622 2011 719 2045 keine
743 2010 836 2044 Hilfe
861 2021 901 2044 zu
925 2010 1068 2053 leisten,
1101 2011 1247 2045 sondern
1281 2011 1414 2045 erteilte
1448 2011 1535 2045 auch
1567 2010 1792 2045 unmittelbar
1823 2021 1883 2046 vor
1906 2010 1967 2046 der

428 2058 614 2101 Ergebung
638 2057 825 2091 Kremonas
859 2057 935 2090 dem
960 2056 1152 2091 Erzdiakon
1175 2057 1312 2091 Folmar
1344 2057 1398 2091 die
1423 2056 1697 2091 erzbischofliche
1721 2056 1850 2092 Weihe.
1899 2057 1966 2091 Zur

429 2104 542 2138 Strafe
565 2104 677 2138 hiefiir
701 2104 904 2137 verwiistete
928 2103 1094 2137 Heinrich
1119 2103 1180 2137 auf
1200 2103 1426 2138 kaiserlichen
1450 2102 1570 2137 Befehl
1595 2102 1650 2137 die
1675 2102 1873 2148 Campagna
1896 2102 1967 2137 und

427 2150 508 2184 liess
525 2150 599 2184 sich
616 2150 690 2184 hier
705 2148 882 2192 huldigen,
909 2149 968 2182 der
984 2149 1092 2194 Papst
1109 2149 1220 2183 selber
1235 2149 1348 2183 wurde
1367 2149 1403 2183 in
1423 2149 1555 2183 Verona
1571 2148 1852 2193 eingeschlossen.
1899 2147 1972 2183 Aur

427 2196 536 2230 einem
561 2195 769 2239 Reichstage
795 2206 836 2228 zu
862 2195 1092 2237 Gelnhausen,
1117 2195 1152 2228 in
1179 2195 1239 2229 der
1263 2195 1403 2229 zweiten
1427 2195 1547 2229 Hfflfte
1573 2195 1632 2229 des
1655 2194 1846 2229 November
1866 2197 1966 2237 1186,

427 2242 543 2276 wurde
580 2241 640 2276 der
675 2240 862 2275 kirchliche
894 2240 1002 2275 Streit
1039 2252 1098 2275 zur
1131 2241 1309 2284 Beratung
1346 2241 1522 2285 gebracht.
1570 2240 1646 2275 Von
1683 2240 1748 2275 den
1781 2240 1968 2275 deutschen

428 2288 609 2322 Bisch'ofen
644 2287 742 2321 hatte
766 2287 886 2320 Urban
910 2287 974 2322 III.
1009 2297 1074 2321 nur
1106 2287 1171 2321 den
1195 2286 1397 2321 Erzbischof
1417 2286 1557 2332 Philipp
1588 2298 1618 2322 v.
1643 2286 1734 2321 Keln
1768 2286 1830 2321 auf
1857 2285 1968 2321 seiner

428 2334 529 2369 Seite.
579 2333 640 2367 Als
679 2332 821 2374 Quellen
865 2333 920 2366 fiir
958 2333 1074 2367 diesen
1111 2333 1377 2377 denkwi'irdigen
1411 2333 1601 2376 Reichstag
1643 2332 1764 2367 dienen
1810 2332 1870 2368 der
1904 2332 1967 2366 Be-

428 2380 519 2414 richt
543 2379 692 2414 Arnolds
717 2390 781 2413 von
806 2379 961 2421 Liibeck,
997 2378 1165 2414 Chronica
1189 2378 1366 2413 Slavorum
1390 2379 1454 2421 III,
1481 2390 1508 2413 c.
1537 2381 1578 2413 19
1601 2378 1674 2412 und
1699 2378 1762 2413 das
1785 2377 1968 2413 Schreiben

431 2425 633 2460 Erzbischof
646 2425 871 2459 Wichmanns
889 2437 917 2458 v.
936 2425 1151 2468 Magdeburg
1174 2437 1207 2459 u.
1234 2425 1343 2459 seiner
1360 2425 1560 2469 Suffragane
1586 2435 1629 2458 an
1646 2424 1755 2469 Papst
1768 2424 1887 2459 Urban
1903 2423 1967 2459 111.

429 2473 601 2506 Letzteres
617 2471 696 2515 gibt
710 2470 883 2515 Ludewig,
899 2470 1079 2515 Reliquiae
1096 2470 1321 2515 diplomatum
1337 2471 1383 2513 Π,
1401 2473 1584 2506 445-449
1600 2470 1690 2505 nach
1705 2470 1814 2504 einem
1828 2469 1968 2514 Magdo-

430 2519 555 2562 burger
567 2517 791 2552 Formelbuch
818 2518 858 2561 (s.
873 2517 1009 2551 Winter
1021 2516 1160 2552 Forsch.
1175 2528 1202 2551 z.
1218 2517 1249 2551 d.
1265 2515 1306 2551 G.
1320 2517 1362 2559 X,
1384 2519 1450 2551 642
1464 2517 1498 2551 ff.
1511 2517 1533 2558 1)
1570 2516 1645 2550 Den
1657 2515 1756 2550 Brief
1774 2516 1970 2551 iiberliefert

430 2564 529 2606 auch,
546 2563 679 2598 freilich
696 2563 783 2597 ohne
795 2563 995 2606 Einleitung
1012 2562 1082 2597 und
1096 2562 1247 2605 Schluss,
1265 2563 1435 2597 Radulfus
1452 2563 1493 2597 de
1506 2562 1637 2597 Diceto.
1663 2562 1730 2596 Zur
1741 2561 1968 2597 Emendation

431 2611 490 2645 des
507 2610 631 2644 Textes
655 2609 744 2643 habe
768 2609 824 2643 ich
849 2609 1013 2644 letzteren
1037 2609 1213 2643 mehrfach
1238 2620 1297 2642 zur
1312 2609 1566 2653 Vergleichung
1589 2608 1854 2652 herangezogen.
1895 2607 1968 2642 Das

431 2655 745 2690 Protestschreiben
786 2655 845 2689 des
885 2657 1062 2699 gesamten
1099 2654 1286 2689 deutschen
1322 2654 1560 2700 Episcopates,
1597 2653 1740 2689 welches
1763 2653 1895 2700 Arnold
1919 2664 1969 2688 er-

432 2702 560 2744 wiihnt,
587 2701 635 2736 ist
659 2701 757 2735 nicht
782 2701 842 2735 auf
862 2712 926 2735 uns
950 2701 1161 2745 gekommen.
1208 2701 1284 2735 Von
1307 2712 1452 2735 neueren
1475 2700 1640 2735 Arbeiten
1672 2699 1862 2744 vergleiche
1885 2699 1969 2734 iiber

433 2748 548 2782 diesen
572 2747 779 2791 Reichstag:
817 2747 1172 2789 Scheffer-Boichorst,
1212 2746 1334 2781 Kaiser
1358 2746 1553 2781 Friedrichs
1577 2746 1604 2781 1.
1630 2746 1752 2781 letzter
1774 2745 1883 2780 Streit
1905 2745 1970 2779 mit

434 2794 493 2828 der
525 2794 630 2827 Kurie
665 2793 698 2827 S.
736 2795 799 2827 114
852 2795 934 2834 126;
971 2793 1076 2827 Prutz
1107 2804 1138 2828 a.
1164 2804 1194 2828 a.
1220 2792 1259 2827 Ο.
1290 2792 1356 2835 ΙΠ,
1394 2795 1594 2834 266-270;
1631 2791 1685 2826 W.
1721 2791 1848 2836 Meyer,
1883 2791 1969 2826 Zum

435 2840 542 2874 Streit
566 2839 689 2874 Kaiser
712 2838 907 2873 Friedrichs
931 2839 959 2873 Ι.
993 2839 1058 2873 mit
1081 2839 1190 2884 Papst
1211 2838 1331 2872 Urban
1354 2838 1419 2873 III.
1446 2835 1608 2884 1186187,
1645 2837 1782 2872 Forsch.
1813 2848 1841 2872 z.
1867 2836 1899 2871 d.
1926 2836 1967 2871 G.

432 2886 528 2928 XIX,
556 2888 620 2928 59;
645 2885 790 2919 Nitzsch
816 2896 845 2920 a.
872 2896 901 2920 a.
927 2884 967 2919 O.
993 2885 1039 2927 11,
1065 2887 1132 2920 328
1157 2885 1198 2927 f.;
1222 2884 1516 2930 Hefele-Knopfler
1540 2895 1570 2919 a.
1596 2895 1626 2919 a.
1652 2883 1694 2918 Ο.
1707 2883 1750 2926 V,
1775 2885 1967 2918 730—737.
