2098 3432
1614 273 1695 314 165

663 391 711 435 Α.
743 389 933 446 Epistola
962 389 1150 436 concilii.

299 468 340 512 a)
365 465 540 511 Epistola
565 465 704 501 minor.

125 1098 188 1154 (2)
208 1097 318 1150 Quia
326 1097 436 1140 sedis
447 1099 693 1152 apostolicae
709 1099 891 1141 turbatio

126 1155 447 1199 christianorum
477 1155 636 1198 animos
667 1156 892 1198 admodum

127 1212 337 1263 sauciavit,
366 1225 453 1263 nos,
485 1213 556 1266 qui
587 1213 639 1254 ad
669 1214 894 1256 resecanda

126 1271 322 1314 scismata
333 1271 374 1312 et
381 1282 526 1325 pacem
534 1271 755 1313 aecclesiae
766 1271 894 1313 refor-

125 1327 325 1372 mandam
353 1326 506 1382 Papiae
537 1327 694 1371 fuimus
726 1341 894 1382 congre-

126 1385 225 1441 gati,
233 1385 894 1440 qualitatemcausaemodumque

128 1442 284 1498 negotii
313 1444 356 1484 et
376 1443 481 1484 sacri
502 1443 661 1485 concilii
682 1443 895 1498 dispensae

128 1500 284 1544 tionem
303 1499 562 1543 universitati
577 1502 738 1543 vestrae
754 1501 896 1556 plena-

127 1557 188 1601 rie
213 1557 408 1600 duximus
437 1558 730 1609 intimandum,
761 1559 896 1612 quati-

128 1628 230 1667 nus,
258 1627 332 1670 per
362 1614 516 1670 scripta
544 1615 754 1671 presentia
782 1629 898 1658 mera

129 1672 303 1716 veritate
350 1674 603 1724 monstrata,
660 1673 898 1716 auditorum

131 1730 259 1774 animi
278 1729 515 1782 falsitatem,
537 1744 664 1785 quam
680 1731 785 1773 forte
801 1744 898 1774 con—

130 1789 334 1844 ceperant,
349 1788 616 1831 vehementer
631 1789 840 1844 expellant
855 1790 898 1831 et

129 1845 319 1889 ammodo
356 1857 430 1901 per
469 1846 622 1902 scripta
661 1846 896 1889 scismatica

129 1916 212 1947 non
241 1902 504 1946 seducantur.

128 1961 191 2016 (3)
211 1960 319 2004 Cum
337 1960 466 2015 igitur
480 1961 800 2004 orthodoxorum
815 1961 896 2004 Pa-

127 2017 221 2074 piae
258 2020 602 2072 congregatorum
646 2018 894 2061 universitas

129 2076 174 2119 in
215 2075 381 2118 nomine
416 2076 585 2120 Domini
630 2076 894 2126 consedisset,

131 2145 256 2176 causa
273 2145 348 2188 per
369 2135 393 2175 7
415 2133 502 2177 dies
524 2134 751 2185 continuos,
782 2134 895 2176 0111111

128 2191 287 2234 remoto
306 2191 483 2235 seculari
501 2191 664 2243 iudicio,
689 2191 895 2246 legittime

129 2249 173 2290 et
189 2247 381 2291 canonice
411 2249 570 2304 agitata
598 2262 647 2292 ac
676 2249 896 2303 diligenter

129 2305 328 2361 inspecta,
358 2306 610 2350 sufficienter
630 2309 672 2350 et
701 2307 894 2350 canonice

129 2362 174 2405 in
210 2365 434 2418 conspectu
473 2363 632 2407 concilii
660 2377 736 2420 per
764 2366 895 2407 testes

129 2419 299 2463 idoneos
330 2424 394 2464 est
423 2423 756 2478 comprobatum:

1115 464 1159 507 b)
1173 463 1349 508 Epistola
1371 463 1509 500 maior.

931 544 985 588 (1)
999 542 1239 587 Heregrinus)
1254 541 1319 575 Dei
1333 541 1451 585 gratia
1463 540 1700 587 Aquileiensis

931 590 1155 637 patriarcha,
1203 588 1409 632 Armoldus)
1456 587 1698 633 Moganffinus,

931 637 1154 682 R(einoldus)
1171 635 1398 678 Coloniensis,
1416 635 1700 679 Wfichmannus)

932 683 1248 730 Magdeburgensis
1257 684 1284 717 ³²)
1299 684 1336 717 et
1351 682 1607 727 H(artwichus)
1618 682 1701 716 Bre-

934 731 1064 767 mensis
1098 729 1349 776 archiepiscopi
1382 732 1420 765 et
1453 729 1608 764 universi
1632 728 1703 775 epi-

934 779 1029 825 scopi
1046 780 1083 814 et
1099 779 1246 813 abbates
1259 779 1297 812 et
1310 777 1377 812 viri
1392 776 1547 821 religiosi
1571 776 1607 811 in
1625 787 1703 810 0011-

935 826 1014 861 cilio
1022 825 1152 879 Papiae
1165 824 1381 869 congregati,
1395 824 1579 869 regibusm,
1592 823 1703 858 archi-

935 873 1118 954 episcpgs,
1134 871 1318 953 episeopffi,
1328 871 1528 953 abgatibutffi
1543 870 1702 952 ducibbus‚

935 932 1024 956 001111
1082 931 1123 954 us
1174 930 1270 954 marc
1311 930 1368 953 om
1393 929 1436 953 us
1469 929 1488 952 0
1542 928 1636 952 0111111
1662 929 1703 951 us

936 967 1070 1003 Christi
1094 947 1269 1008 fidelibus,
1295 965 1341 1000 ad
1365 976 1452 1011 quos
1473 964 1597 1000 literae
1613 964 1704 999 istae

979 1015 1175 1057 rvenerint,
1210 1013 1360 1048 salutem
1397 1014 1434 1047 et
1465 1012 1640 1047 orationes
1667 1011 1705 1046 in

965 1061 1128 1105 hrist0.*)

937 1110 987 1154 (2)
1014 1108 1106 1151 Quia
1152 1107 1246 1143 sedis
1289 1106 1502 1153 apostolicae
1546 1106 1704 1141 turbatio

937 1156 1208 1191 christianorum
1245 1154 1380 1188 animos
1414 1153 1603 1189 admodum
1628 1165 1705 1188 sau-

938 1203 1056 1246 ciavit,
1070 1205 1171 1245 noso),
1186 1202 1246 1247 qui
1257 1201 1303 1236 ad
1312 1201 1502 1236 resecanda
1513 1200 1707 1236 schismata

938 1253 975 1286 et
1023 1261 1144 1296 pacem
1192 1248 1358 1284 ecclesiae
1406 1247 1665 1283 reformandam
1675 1250 1706 1283 d)

939 1297 1069 1344 Papiae
1080 1299 1106 1332 θ)
1120 1296 1250 1331 fuimus
1268 1296 1484 1340 congregati,
1498 1295 1707 1341 qualitatem

940 1356 1065 1380 causae
1085 1343 1294 1389 modumque
1311 1342 1443 1387 negotii
1460 1345 1497 1377 et
1514 1342 1606 1377 sacri
1631 1354 1709 1376 con-

940 1392 1013 1428 cilii
1030 1393 1207 1427 statutum
1232 1390 1456 1425 universitati
1478 1391 1614 1425 vestrae
1639 1390 1709 1435 ple-

940 1440 1038 1475 narie
1056 1438 1218 1474 duximus
1243 1437 1496 1472 intimandum:
1523 1438 1708 1482 quatenus,

941 1498 1003 1533 per
1033 1486 1166 1532 scripta
1199 1484 1400 1532 praesentia
1430 1495 1526 1519 mera
1561 1484 1709 1519 veritate

941 1535 1149 1577 monstrata,
1168 1533 1368 1568 auditorum
1383 1531 1490 1566 animi
1504 1531 1709 1574 falsitatem,

943 1593 1049 1628 quam
1071 1581 1162 1616 forte
1187 1581 1419 1625 conceperunt
1427 1580 1462 1622 f),
1490 1578 1711 1613 vehementer

940 1629 1118 1675 expellant
1146 1630 1184 1663 et
1209 1627 1332 1662 amodo
1357 1637 1419 1672 per
1443 1626 1576 1672 scripta
1601 1626 1710 1660 schis-

940 1676 1072 1712 matica
1095 1687 1164 1711 non
1190 1675 1414 1710 seducantur.

940 1956 992 1998 (3)
1024 1953 1112 1990 Cum
1142 1952 1254 1998 igitur
1278 1950 1548 1986 orthodoxorum
1579 1950 1710 1995 Papiae

940 2002 1230 2046 congregatorum
1262 1997 1472 2034 universitas
1506 1997 1542 2032 in
1571 1997 1710 2032 nomine

939 2048 1112 2084 Dominis)
1132 2046 1359 2089 consedisset,
1382 2056 1489 2080 causa
1500 2056 1562 2090 per
1576 2046 1707 2090 septem

940 2096 1123 2132 continuos
1149 2094 1236 2138 dies,
1261 2095 1393 2129 remoto
1420 2092 1514 2128 omni
1539 2092 1710 2127 saeculari

939 2143 1082 2182 iudicio.
1116 2142 1275 2187 legitime
1308 2142 1345 2176 et
1377 2139 1541 2175 canonice
1572 2139 1710 2183 agitata

940 2202 981 2226 ac
1007 2190 1195 2235 diligenter
1225 2189 1396 2234 inspecta,
1431 2186 1644 2221 sufficienter
1675 2188 1711 2221 et

939 2237 1103 2274 canonice
1118 2237 1156 2272 in
1172 2237 1358 2282 conspectu
1373 2234 1510 2270 concilii
1523 2245 1584 2280 per
1601 2235 1710 2268 testes

939 2285 1082 2321 idoneos
1106 2286 1163 2320 est
1186 2283 1470 2330 comprobatum:

989 2378 1023 2422 a)
1049 2377 1106 2413 W.
1120 2377 1169 2413 M.
1195 2376 1287 2411 fehlt
1310 2375 1367 2411 bei
1392 2375 1528 2410 Brown.

987 2426 1024 2470 b)
1050 2425 1196 2460 Brown:
1221 2435 1249 2459 r.
1275 2425 1312 2459 et
1335 2422 1563 2469 principibus.

990 2473 1023 2518 c)
1049 2473 1196 2507 Brown:
1221 2482 1284 2506 nos
1309 2472 1347 2505 et
1371 2469 1442 2515 qui.

988 2520 1024 2566 d)
1051 2521 1088 2554 et
1111 2531 1145 2565 p.
1171 2530 1200 2554 e.
1226 2529 1254 2554 r.
1291 2517 1382 2553 fehlt
1412 2516 1469 2551 bei
1489 2515 1648 2551 Martene
1673 2517 1710 2550 et

941 2567 1090 2603 Durand
1116 2565 1240 2611 (MR).

988 2615 1026 2658 0)
1050 2613 1142 2649 fehlt
1164 2612 1222 2648 bei
1246 2612 1384 2647 Brown.

994 2662 1026 2706 f)
1050 2661 1194 2696 Brovvn:
1219 2659 1459 2712 perceperunt.

988 2710 1028 2801 ἐξ
1048 2707 1218 2800 11αὲοὲἰῇ
1231 2705 1616 2789 ἰξᾘοὲἷιάἕέῗθιω
1648 2751 1710 2786 (101

941 2803 1102 2849 Epistola
1126 2801 1287 2847 folgende
1313 2800 1435 2834 Worte
1460 2810 1604 2834 voraus:
1641 2798 1708 2833 Re-

942 2850 1111 2896 scriptum
1135 2848 1297 2894 generale
1314 2859 1335 2882 a
1352 2846 1482 2892 synodo
1499 2844 1706 2892 presidenti-

915 2938 917 2942 ,
941 2898 1008 2933 bus
1024 2908 1085 2944 per
1098 2898 1217 2942 partes
1232 2894 1355 2930 mundi
1373 2893 1543 2929 directum
1560 2893 1626 2928 hoc
1642 2894 1707 2928 est.
