2098 3432
1657 241 1710 281 75

138 355 318 393 concessit.
366 355 526 389 Tradit
561 355 676 390 enim
714 354 836 390 curia
869 355 914 388 et
946 354 993 388 ab
1028 353 1257 388 aecclesia
1290 365 1334 388 eo
1367 356 1588 400 tempore,
1629 365 1713 399 quo

138 403 221 441 snb
243 401 468 438 Heinrico
491 402 534 438 V.
561 402 611 437 de
636 402 928 437 investitura
952 401 1262 447 episcoporum
1296 401 1449 436 decisa
1473 401 1566 436 fuit
1590 401 1716 436 inter

40 439 66 478 ²?ss
137 460 322 496 regnum
363 451 407 484 et
446 449 766 484 sacerdotium
808 448 1153 491 controversia,
1202 448 1295 482 sibi
1335 460 1598 483 concessum
1639 460 1716 483 au-

137 498 339 539 tumnat,
380 496 508 542 quod,
551 496 828 531 obeuntibus
868 495 1124 541 episcopis,
1175 495 1213 529 si
1252 495 1371 530 forte
1413 495 1459 530 in
1500 496 1715 540 eligendo

137 545 294 592 partes
317 543 446 587 fiant,
471 543 701 590 principis
727 543 915 578 arbitrii
941 554 1048 586 esse,
1074 542 1337 588 episcopum
1363 554 1489 588 quem
1515 543 1716 578 voluerit

137 601 188 628 ex
217 591 463 638 primatum
495 602 677 626 suorum
702 591 902 626 consilio
938 601 1122 636 ponere,
1163 601 1243 624 nec
1276 590 1476 636 aliquem
1512 591 1715 625 electum

138 639 243 676 ante
277 638 649 682 consecrandum,
686 649 818 684 quam
850 638 900 672 ab
937 637 1087 683 ipsius
1117 648 1247 672 manu
1279 637 1453 682 regalia
1484 649 1563 683 per
1588 649 1715 684 scep-

137 687 256 722 trum
280 685 554 731 suscipiat.*)

256 744 286 769 c.
319 735 362 768 8:
398 733 505 767 Porro
539 731 717 768 Gerar-dus
750 732 948 779 prepositus
978 731 1125 766 Romam
1157 742 1322 778 pergens,
1360 731 1554 777 Eugenium
1588 744 1716 778 papam

19 778 23 782 ’
49 790 70 819 νζ
137 779 248 824 adiit,
282 779 382 826 eique
415 791 557 815 causam
581 780 897 825 Magdeburgensis
930 779 1116 814 aecclesiae
1141 779 1320 824 aperiens,
1357 778 1640 823 Gwicmannum‚
1674 782 1715 815 ut

138 837 246 874 supra
268 826 402 862 dictum
426 829 491 871 est,
519 838 540 862 a
563 827 719 873 principe
736 838 797 873 per
813 827 1016 862 electionem
1034 826 1178 860 alterius
1202 826 1316 872 partis
1332 826 1383 861 ibi
1400 827 1565 871 locatum,
1591 827 1714 862 multis

134 874 251 911 modis
276 874 319 909 de
342 874 537 910 intrusione
562 875 750 910 accusavit.
790 874 893 909 Hanc
909 885 982 909 rem
1000 885 1104 919 quam
1129 873 1336 919 gravissime
1353 874 1534 909 Romanus
1559 875 1715 920 pontifex

137 921 320 968 exceperit,
345 923 420 956 tam
444 933 486 957 ex
508 922 651 966 litteris,
676 922 714 956 in
731 921 859 967 quibus
878 921 1055 956 nonnullis
1071 920 1254 966 episcopis,
1280 921 1338 966 qui
1356 932 1418 967 pro
1437 933 1476 956 eo
1495 922 1537 956 ob
1565 933 1714 956 amorem

201 969 208 976 '
252 969 430 1004 Romanae
456 969 642 1004 aecclesiae
666 969 895 1014 scripserant,
929 968 1126 1014 respoudit,
1159 979 1264 1014 quam
1298 979 1339 1003 ex
1373 969 1623 1013 cardinalium,
1650 970 1709 1015 qui

137 1015 360 1064 postmodum
384 1016 430 1051 ad
455 1016 687 1063 Transalpina
713 1016 837 1051 directi
863 1018 958 1059 sunt,
985 1015 1062 1050 viva
1087 1027 1167 1050 voce
1192 1016 1435 1062 percepimus]

192 1123 239 1172 a)
270 1122 503 1168 schreihen
536 1123 699 1178 [ugone
730 1123 792 1226 11Ιί
819 1122 1270 1235 εὲυὲειεὶιῧῠὲοηικαρῆθΙ
1303 1134 1351 1166 zu
1384 1123 1651 1178 magdebur-9,

395 1254 566 1302 (Wibaldi
591 1266 667 1301 epp.
692 1266 745 1290 nr.
772 1257 861 1298 4013
886 1253 989 1299 Jaffe,
1015 1253 1240 1290 Bibliotheca
1264 1254 1293 1298 Ι,
1322 1257 1388 1290 534
1414 1255 1452 1299 f.)

250 1332 463 1386 Eugenius
499 1331 714 1386 episcopus
751 1344 894 1374 servus
934 1344 1146 1373 servorum
1184 1331 1262 1373 Dei
1302 1332 1493 1373 universo
1533 1332 1713 1386 capitulo

137 1389 506 1444 Magdeburgensis
545 1389 764 1431 aecclesiae
795 1390 974 1431 salutem
1006 1390 1047 1431 et
1077 1389 1345 1443 apostolicam
1374 1389 1712 1431 benedictionem.

251 1446 445 1490 Pervenit
482 1446 535 1489 ad
569 1459 690 1489 aures
719 1449 903 1497 nostras,
943 1446 1053 1500 quod
1081 1448 1176 1501 post
1206 1446 1466 1497 electionem,
1507 1460 1633 1501 quam
1664 1447 1714 1489 de

137 1517 313 1560 persona
342 1503 479 1546 dilecti
507 1504 580 1546 filii
600 1505 730 1546 nostri
753 1504 988 1559 G(erhardi)
1019 1504 1215 1559 prepositi
1245 1505 1371 1546 vestri
1394 1517 1548 1554 omnes,
1578 1509 1715 1559 preter

139 1565 317 1618 septem,
355 1562 521 1604 consilio
557 1562 843 1616 religiosorum
879 1562 1108 1604 secundum
1142 1562 1280 1603 Deum
1316 1562 1492 1612 fecistis,
1532 1562 1714 1604 Cicensis

139 1619 364 1676 episcopus,
393 1620 581 1674 neglecta
602 1620 666 1661 sui
697 1619 851 1662 ordinis
881 1620 1109 1670 honestate,
1140 1621 1281 1661 contra
1310 1619 1518 1661 iusticiam
1549 1623 1590 1662 et
1621 1633 1715 1662 con-

135 1677 396 1720 stitutionem
426 1678 665 1720 sanctorum
694 1679 862 1732 patrum
893 1690 935 1719 se
965 1677 1009 1718 in
1038 1678 1177 1719 vestra
1208 1678 1404 1719 aecclesia
1434 1678 1544 1731 regio
1575 1677 1713 1720 favore

132 1734 319 1790 ingerere
347 1735 464 1777 nisus
495 1735 570 1784 sit;
611 1739 674 1786 et,
706 1735 813 1778 sicut
843 1735 1098 1790 accepimus,
1130 1735 1180 1777 ab
1210 1734 1299 1790 ipso
1330 1735 1512 1790 priucipe
1543 1735 1714 1777 investi—

251 1850 284 1894 *)
309 1850 361 1885 Zu
395 1849 508 1884 dieser
531 1848 752 1896 Anspieluug
786 1850 848 1884 auf
879 1850 942 1884 das
967 1849 1145 1884 Wormser
1169 1849 1376 1884 Konkordat
1410 1850 1478 1895 vgl.
1511 1848 1596 1885 Otto
1622 1850 1712 1885 Fris.

136 1896 263 1934 chron.
280 1897 360 1941 VII,
389 1900 451 1932 16:
478 1897 705 1942 Privilegium
723 1909 804 1942 ergo
823 1897 865 1932 de
890 1897 955 1932 hoc
980 1896 1145 1932 ecclesiae
1171 1897 1356 1940 scribitur;
1384 1908 1424 1932 ac
1447 1897 1535 1943 ipsis
1560 1909 1711 1941 rursum,

132 1946 185 1980 ut
221 1945 366 1980 electi
404 1946 495 1979 tam
531 1944 760 1990 cisalpini
799 1955 930 1990 quam
968 1944 1251 1989 transalpini
1291 1956 1373 1979 non
1411 1944 1545 1990 prius
1582 1945 1713 1979 ordi-

133 1994 304 2028 nentur
336 1991 557 2038 episcopi,
595 2003 728 2037 quam
764 1992 947 2037 regalia
981 1992 1032 2026 de
1064 2002 1195 2026 manu
1229 1991 1326 2026 eius
1360 2003 1439 2037 per
1477 1994 1712 2038 sceptrum

135 2039 414 2132 ἒῑῗῗὲἔὲὶῖζὲζ
429 2039 508 2121 513³?
510 2039 800 2122 {3m05'ffflaff
799 2051 842 2123 ἑὲ,
857 2039 1136 2131 ἱεέἶὲἲῖιέὶῖἳὴ
1144 2039 1530 2121 «ξῗῗῖἳὲῗηῆἐὶθῦἓὲὴ
1535 2039 1621 2122 affl
1624 2041 1712 2131 1³2}ss

135 2133 203 2169 den
226 2133 406 2169 Wortlaut
439 2133 500 2169 des
524 2133 749 2169 Konkordats
783 2133 913 2170 sowohl
949 2134 985 2169 in
1021 2134 1082 2169 der
1116 2133 1387 2169 authentischen
1412 2134 1574 2179 Fassung
1600 2135 1652 2169 als
1676 2134 1713 2169 in

137 2180 199 2216 der
234 2183 472 2226 sogenannten
498 2181 729 2217 kaiserlichen
753 2182 915 2227 Fassung
953 2182 1014 2216 des
1040 2181 1122 2217 Cod.
1150 2181 1308 2216 Udalrici
1334 2182 1414 2227 (Bd.
1441 2185 1482 2225 3,
1516 2193 1568 2217 nr.
1594 2182 1714 2216 XXIa

137 2228 270 2264 meiner
293 2228 500 2274 Sammlung
537 2229 642 2263 nebst
674 2229 1062 2274 Schlussanmerkung).
1111 2229 1319 2270 Bernheim,
1355 2229 1504 2264 welcher
1533 2230 1569 2264 in
1605 2230 1718 2264 seiner

135 2275 376 2321 Abhandlung
409 2276 502 2320 „Zur
527 2274 652 2311 Gesch.
689 2277 750 2311 des
775 2277 952 2311 Wormser
978 2276 1244 2311 Kon1<ordates⁶⁴
1283 2276 1338 2311 die
1363 2276 1526 2322 Fassung
1555 2277 1602 2311 im
1630 2277 1714 2313 Cod.

134 2322 202 2359 Ud.
228 2323 285 2358 fiir
309 2323 384 2358 eine
402 2323 632 2358 absichtliche
649 2323 850 2369 Falschung
875 2325 1018 2367 erklart,
1045 2324 1094 2358 ist
1112 2324 1173 2358 der
1187 2324 1366 2368 Meinung,
1386 2323 1489 2359 Ottos
1506 2337 1536 2359 v.
1556 2324 1718 2369 Freising

137 2369 396 2416 Auspielungen
432 2371 494 2406 auf
523 2370 586 2405 das
618 2371 824 2406 Konkordat
857 2371 985 2406 fanden
1022 2371 1058 2406 in
1093 2371 1154 2405 der
1192 2371 1367 2406 Kenntnis
1403 2372 1464 2406 des
1497 2372 1715 2416 gefa'lschten

139 2416 379 2453 Aktenstiicks
403 2418 479 2453 ihre
500 2417 720 2463 Erklarung;
746 2419 795 2453 im
812 2419 1023 2454 Mittelalter
1048 2419 1097 2453 sei
1123 2430 1159 2453 es
1184 2419 1241 2453 bei
1264 2419 1342 2453 dem
1359 2419 1502 2464 Mangel
1528 2430 1573 2454 an
1599 2419 1717 2464 objek-

140 2463 230 2500 tiver
251 2464 372 2500 Kritik
396 2465 514 2500 iiblich
540 2476 698 2510 gewesen
712 2494 720 2510 ,
756 2478 822 2501 von
847 2467 929 2501 zwei
962 2466 1231 2501 verschiedenen
1256 2466 1503 2501 iiberlieferten
1528 2466 1718 2501 Bestimm·

137 2522 254 2557 ungen
269 2512 441 2557 diejenige
459 2513 512 2547 als
527 2513 583 2548 die
599 2513 699 2548 echte
717 2514 966 2557 anzunehmen,
983 2513 1112 2548 welche
1129 2525 1211 2548 man
1230 2525 1292 2548 aus
1310 2513 1532 2558 subjektiven
1548 2513 1714 2549 Griinden

137 2558 194 2594 fiir
210 2558 267 2594 die
290 2560 495 2604 genehmste
519 2560 618 2595 hielt.
656 2560 823 2596 Wolfram
852 2573 884 2596 a.
911 2572 941 2597 a.
969 2560 1009 2596 Ο.
1035 2561 1123 2595 Beil.
1151 2563 1166 2595 1
1195 2561 1338 2595 vertritt
1364 2561 1420 2596 die
1444 2561 1607 2604 Ansicht,
1635 2561 1717 2597 dass

138 2605 201 2640 der
225 2605 408 2642 Schreiber
433 2607 494 2642 des
519 2607 602 2643 Cod.
617 2607 685 2644 Ud.
711 2620 778 2643 nur
801 2609 1042 2653 beabsichtigt
1066 2608 1142 2651 hat,
1169 2608 1269 2643 einen
1294 2609 1461 2643 kiirzeren
1486 2609 1630 2653 Auszug
1655 2609 1717 2644 der

140 2651 322 2698 Originale
347 2665 389 2689 zu
412 2655 535 2699 geben,
561 2666 594 2689 u.
621 2656 781 2690 verneint
805 2656 872 2690 den
890 2655 1194 2700 Zusammenhang
1220 2655 1282 2690 der
1299 2655 1431 2690 Stellen
1455 2656 1512 2691 bei
1539 2655 1623 2691 Otto
1649 2657 1716 2691 mit

139 2698 202 2735 der
224 2699 386 2746 Fassung
407 2702 458 2748 im
483 2701 566 2737 Cod.
590 2702 678 2746 Ud.;
705 2703 796 2738 nach
820 2703 894 2737 ihm
919 2703 984 2737 hat
1010 2702 1095 2738 Otto
1122 2703 1177 2737 die
1202 2703 1302 2738 echte
1325 2703 1493 2737 Urkunde
1520 2703 1601 2737 sehr
1625 2704 1716 2738 wohl

138 2746 304 2792 gekannt,
331 2749 384 2783 als
397 2749 538 2794 eifriger
550 2749 804 2794 Parteiganger
819 2750 879 2785 des
892 2750 1036 2785 Kaisers
1062 2751 1144 2785 aber
1168 2761 1280 2795 gegen
1307 2750 1380 2785 sein
1405 2751 1562 2785 besseres
1575 2750 1715 2786 Wissen

140 2793 240 2830 einen
264 2795 386 2830 Inhalt
410 2797 622 2841 angegeben,
647 2797 712 2832 wie
735 2797 798 2832 ihn
824 2798 885 2832 der
899 2797 974 2832 Hos
995 2809 1056 2832 zur
1080 2797 1375 2842 Rechtfertigung
1401 2797 1462 2832 der
1487 2797 1718 2833 kaiserlichen

136 2840 268 2877 Politik
293 2842 358 2878 den
385 2843 607 2879 Thatsachen
633 2847 823 2891 angepasst
846 2845 958 2880 hatte.
1000 2844 1070 2888 „Er
1094 2845 1288 2891 behauptet
1309 2845 1348 2890 ja
1374 2844 1468 2879 diese
1484 2845 1716 2880 Unwahrheit

137 2887 256 2933 nicht3
281 2900 319 2924 er
334 2890 414 2935 gibt
429 2902 496 2926 nur
511 2891 649 2935 wieder,
668 2902 740 2926 was
758 2903 823 2927 von
841 2892 903 2926 der
918 2892 1130 2937 Umgebung
1144 2891 1344 2927 Friedrichs
1360 2892 1574 2938 gesprochen
1591 2892 1713 2928 wird.“
