2098 3432
52 2986 99 3026 -ιῑῐ,

1639 290 1722 330 289

63 402 70 409 '
146 403 305 447 vertatis,
330 413 398 449 que
423 402 511 438 dico.
562 401 784 449 Compertum
809 403 898 438 forte
923 401 1073 445 habetis,
1101 401 1243 448 quantis
1269 401 1542 437 adversitatibus
1573 402 1723 449 impetar

146 461 168 487 a
192 450 317 486 domno
348 461 458 496 papa3
495 449 534 484 in
567 460 634 496 quo
669 452 787 485 autem
816 450 969 495 gratiam
1001 449 1112 495 ipsius
1147 449 1390 493 demeruerim,
1423 449 1556 494 ignoro.
1605 449 1721 485 Unum

45 511 70 540 3
144 497 233 535 mihi
256 498 406 541 constat,
443 497 537 543 quod
561 508 740 542 nunquam
764 497 920 532 animum
945 497 1020 531 eius
1044 497 1250 531 exacerbare
1277 496 1397 531 studui
1432 507 1495 531 nec
1533 496 1721 543 aliquando

54 569 86 590 χ»
143 546 266 581 eontra
289 544 365 580 eius
389 545 590 591 preceptum
617 544 670 578 vel
695 544 911 579 voluntatem
937 543 1072 589 aliquid
1087 543 1163 579 feci.
1202 543 1302 578 Nihil
1320 543 1427 578 etiam
1445 543 1488 578 ab
1506 543 1582 590 ipso
1599 547 1721 579 contra

50 615 51 622 1
143 590 200 628 ius
215 591 417 628 indecenter
432 590 541 636 exegi.
583 591 624 625 In
647 591 775 636 quibus
792 593 910 626 autem
935 591 1010 637 ipse
1034 601 1089 625 me
1115 602 1260 635 arguere
1283 590 1421 634 habuit,
1447 601 1515 625 non
1540 591 1720 626 irascendo

67 654 75 658 ·’
143 639 199 676 vel
228 638 517 682 contradicendo,
557 638 619 673 sed
654 638 846 673 obediendo
880 640 916 672 et
947 638 1118 673 rationem
1142 637 1320 672 reddendo
1346 638 1508 673 decenter
1533 638 1579 673 ad
1604 639 1720 673 omnia

52 694 67 720 ³.
143 686 318 735 respondi.
366 685 415 720 Et
449 685 615 731 quoniam
649 685 687 720 in
717 685 878 720 omnibus
903 685 973 720 hiis
997 685 1197 720 innocentia
1221 695 1299 720 mea
1323 696 1459 720 mecum
1483 687 1556 729 est,
1591 685 1720 720 idcirco

142 745 215 778 non
228 733 427 776 eonturbor,
453 732 526 776 sed,
544 732 574 767 si
591 732 763 776 placuerit
788 732 913 767 domno
929 743 1018 778 pape
1035 743 1090 767 me
1104 731 1218 767 fflium
1241 731 1370 767 habere
1396 732 1562 767 dilectum
1588 735 1624 767 et
1641 734 1719 767 sub-

43 778 98 828 &³2
142 778 283 824 100111111,
308 791 372 826 ego
397 791 476 815 eum
499 791 562 826 pro
585 779 715 814 honore
740 781 776 814 et
799 779 994 815 reverentia
1019 781 1139 814 sancte
1165 779 1354 825 apostolice
1380 779 1473 814 sedis
1498 782 1635 826 patrem
1659 780 1720 815 ha-

41 830 61 870 ’ἶ
83 840 85 843 ·
141 828 231 864 bebo
255 827 423 863 dilectum
447 828 484 862 et
506 827 744 862 reverendum.
779 826 816 861 Si
834 828 952 861 autem
970 826 1015 861 ad
1032 826 1259 862 deiectionem
1277 826 1356 870 mei,
1381 838 1450 861 non
1475 826 1552 861 dico
1578 827 1718 871 iniuste,

67 893 90 907 ..·
141 875 204 911 sed
229 875 347 921 inepte
372 874 491 920 aliqua
514 874 658 909 molitus
682 874 799 918 fuerit,
825 885 935 920 spero,
961 873 1054 919 quod
1079 873 1198 908 divina
1221 874 1359 909 favente
1384 873 1580 918 clementia,
1605 877 1720 910 vestro

52 927 67 966 ³,-
88 952 95 958 .
141 922 248 959 simul
271 921 380 958 etiam
405 921 549 956 adiutus
573 921 718 956 consilio
743 922 779 955 et
813 921 953 965 auxilio,
985 921 1184 967 intrepidus
1210 919 1314 956 eiad
1339 921 1455 956 omnia
1479 922 1716 967 respondeam.

55 977 71 996 ν·
140 968 218 1007 Hoc
239 980 302 1016 pro
316 970 418 1016 parte
435 979 514 1004 mea
531 968 695 1011 dixerim3
721 979 782 1014 pro
799 970 901 1014 parte
926 970 1044 1003 autem
1069 970 1198 1012 vestra,
1224 968 1310 1014 quid
1335 968 1384 1003 sit
1407 968 1615 1011 faciendum,
1642 969 1720 1004 dili-

138 1015 265 1099 fqnter
287 1016 506 1064 pensandum
530 1017 595 1051 est.
644 1015 743 1050 Dicit
775 1015 867 1050 0111111
903 1015 1050 1050 (1011111118
1083 1026 1194 1061 papa,
1231 1015 1403 1050 iniustum
1427 1026 1522 1059 esse,
1562 1016 1716 1062 aliquam

156 1073 191 1100 81

192 1074 271 1100 cam
293 1073 477 1111 personam
503 1062 656 1098 decimas
680 1062 874 1108 possidere,
907 1073 995 1108 quas
1019 1062 1203 1097 manifeste
1228 1062 1399 1097 Dominus
1424 1062 1480 1105 iis,
1507 1062 1566 1108 qui
1592 1063 1718 1098 altario

51 1107 62 1154 ἶ,
79 1112 84 1117 ’
141 1110 353 1155 deserviunt,
369 1109 610 1156 deputaverit;
635 1109 739 1155 quod,
758 1109 851 1144 sicut
868 1109 910 1144 de
927 1109 1112 1156 scripturis
1127 1109 1237 1144 habet
1253 1109 1510 1151 auctoritatem,
1527 1110 1580 1144 ita
1597 1110 1717 1146 eadem

140 1158 353 1194 auctoritate
377 1168 544 1193 evacuare
569 1156 761 1192 contendit.
811 1156 948 1191 Scimus
984 1158 1101 1191 autem
1133 1156 1286 1191 decimas
1319 1158 1356 1192 et
1380 1157 1574 1192 oblationes
1600 1168 1620 1192 a
1644 1157 1717 1192 Deo

36 1202 93 1253 ,λ’ἑζ
138 1205 382 1242 sacerdotibus
405 1206 444 1240 et
465 1204 582 1240 levitis
607 1203 773 1250 primitus
799 1203 998 1249 deputatas.
1049 1203 1118 1238 Sed
1151 1215 1230 1238 cum
1264 1206 1418 1248 tempore
1443 1204 1716 1239 christianitatis

141 1253 186 1289 ab
211 1251 423 1288 adversariis
445 1251 698 1287 infestarentur
722 1251 885 1294 ecclesie,
923 1250 1063 1286 easdem
1099 1251 1251 1286 decimas
1278 1253 1498 1297 prepotentes
1523 1253 1560 1286 et
1583 1252 1717 1286 nobiles

42 1299 75 1346 ·'-j
138 1299 208 1336 viri
231 1300 276 1336 ab
300 1299 456 1335 000108118
479 1299 518 1334 111
540 1298 708 1334 beneficio
733 1298 854 1333 stabili
881 1300 1099 1344 acceperunt,
1126 1300 1167 1333 ut
1191 1298 1260 1344 ipsi
1278 1298 1474 1333 defensores
1492 1299 1715 1334 ecclesiarum

47 1364 66 1376 υ
138 1346 276 1391 flerent,
302 1357 369 1394 que
391 1357 454 1393 per
470 1357 507 1381 se
531 1357 596 1381 sua
620 1345 778 1380 obtinere
802 1357 870 1380 non
895 1345 1062 1381 valerent.
1107 1345 1274 1380 Affirmat
1300 1346 1407 1380 etiam
1434 1345 1605 1380 iniustum
1630 1357 1715 1390 esse,

140 1394 234 1442 quod
259 1394 388 1441 aliquis
410 1393 450 1429 in
473 1393 605 1440 prediis
636 1404 698 1428 seu
729 1392 930 1428 hominibus
964 1392 1188 1428 ecclesiarum
1223 1393 1441 1428 advocatiam
1467 1393 1535 1427 sibi
1559 1395 1716 1439 usurpet,

139 1443 193 1486 ut,
217 1442 312 1478 sieut
334 1441 478 1477 ecclesie
502 1440 546 1476 de
568 1440 680 1476 libera
693 1440 875 1475 voluntate
900 1451 961 1474 8011
979 1440 1166 1475 donatione
1182 1440 1432 1484 imperatorum
1450 1440 1503 1475 vel
1519 1440 1716 1486 principum

139 1488 287 1526 fundate
309 1490 403 1532 sunt,
429 1488 483 1524 ita
507 1498 564 1523 res
589 1487 814 1523 ecclesiarum
839 1498 860 1522 a
883 1487 1030 1533 prelatis
1055 1489 1196 1522 tantum
1230 1487 1338 1522 libere
1365 1487 1619 1533 dispensentur.
1669 1487 1717 1522 Et

140 1536 300 1584 qumvis
323 1535 389 1574 hec
411 1546 475 1582 pro
498 1535 646 1581 prelatis
670 1546 745 1570 esse
769 1534 956 1570 videantur
969 1563 977 1579 ‚
1010 1546 1080 1570 non
1103 1537 1222 1570 tamen
1247 1535 1367 1577 credo,
1403 1535 1494 1580 quod
1520 1534 1591 1569 ista
1614 1534 1716 1570 facile

37 1564 66 1601 '³
139 1584 273 1638 {nutari
295 1583 444 1630 possint,
469 1593 536 1629 que
561 1593 601 1617 ex
625 1582 742 1636 longa·
755 1581 969 1628 antiquitate
993 1593 1078 1617 usus
1102 1582 1139 1617 in
1165 1582 1450 1617 consuetudinem
1468 1581 1584 1625 vertit,
1609 1582 1715 1616 immo

139 1641 218 1679 ipsa.
250 1629 465 1667 consuetudo
490 1641 511 1665 a
534 1640 699 1676 progeme
731 1641 769 1664 111
801 1629 984 1675 progenies
1017 1629 1230 1664 descendens
1263 1629 1364 1675 quasi
1397 1629 1493 1663 iusta
1524 1629 1715 1664 traditione

138 1677 326 1715 roboravit.
374 1677 451 1713 Hec
475 1677 518 1712 de
541 1678 643 1724 parte
666 1678 785 1712 vestra
810 1676 906 1712 dicta
930 1676 1120 1713 sufficiant.
1162 1676 1275 1720 Quero
1301 1678 1418 1711 autem
1444 1676 1486 1711 de
1510 1676 1619 1719 vobis,
1644 1687 1715 1711 ree-

139 1789 182 1815 zu
211 1779 455 1826 persiinlichen
478 1779 776 1825 Verhandlungen
808 1780 845 1815 in
869 1779 1008 1815 Verona
1041 1790 1250 1815 zusammen.
1300 1779 1388 1814 Hier
1422 1779 1502 1814 kam
1537 1778 1626 1813 auch
1658 1778 1713 1813 die

138 1824 276 1863 Trierer
304 1826 678 1874 Wahlangelegenheit
710 1838 772 1862 zur
803 1827 967 1873 Sprache.
1024 1826 1126 1862 Nach
1164 1827 1240 1862 dem
1273 1826 1367 1861 Tode
1401 1826 1460 1861 des
1491 1825 1713 1860 ErzbiSChOfS

137 1872 272 1911 Amold
293 1874 448 1911 nfimlich
472 1877 508 1920 (†
533 1877 589 1911 25.
607 1875 704 1909 Marz
724 1876 829 1918 1183)
853 1875 955 1910 hatte
981 1874 1037 1909 die
1062 1873 1247 1919 Majoritat
1272 1874 1333 1908 der
1357 1873 1502 1908 Wahler
1526 1873 1591 1907 den
1609 1873 1713 1907 Dom-

43 1895 65 1933 '.-
137 1922 263 1976 propst
283 1921 426 1966 Rudolf,
456 1922 533 1958 eine
557 1921 754 1965 Mineruia,
791 1923 1012 1957 unterstiitzt
1043 1933 1120 1956 vom
1145 1921 1308 1956 niederen
1334 1921 1479 1963 Klerus,
1517 1920 1582 1955 den
1608 1920 1711 1954 Mini-

137 1968 303 2004 stenalen
326 1969 401 2004 und
426 1969 505 2006 dem
520 1969 642 2012 Volke,
669 1969 736 2004 den
752 1968 950 2004 Erzdiakon
966 1969 1106 2004 Folmar
1129 1968 1292 2013 gewahlt.
1332 1968 1403 2003 Der
1420 1967 1545 2002 Kaiser
1569 1967 1712 2002 ordnete

137 2015 214 2052 eine
229 2014 403 2052 Neuwahl
427 2028 484 2053 an.
517 2017 574 2052 Da
589 2016 730 2052 Folmar
753 2016 854 2052 nicht
878 2016 1006 2051 darauf
1026 2016 1180 2061 einging‚
1206 2016 1368 2051 belehnte
1385 2014 1566 2050 Friedrich
1582 2014 1716 2049 Rudolf

135 2061 204 2099 mit
228 2062 295 2099 den
317 2063 499 2110 Begalien.
549 2064 615 2099 Die
643 2063 789 2098 Wahler
812 2064 962 2099 Rudolfs
992 2063 1211 2098 berichteten
1242 2074 1286 2098 an
1319 2063 1386 2098 den
1411 2063 1540 2108 Papst,
1573 2061 1712 2096 Folmar

134 2110 248 2156 begab
273 2110 357 2146 81011·
380 2111 492 2147 selbst
516 2123 561 2147 an
590 2111 656 2146 den
680 2111 902 2157 papstlichen
927 2111 1007 2148 Hof.
1057 2111 1099 2146 In
1124 2110 1262 2146 Verona
1295 2109 1413 2145 wurde
1444 2109 1558 2144 weder
1588 2108 1625 2143 in
1651 2108 1712 2143 der

135 2155 355 2203 Besitztmge
390 2159 481 2194 noch
513 2159 551 2194 in
585 2158 646 2194 der
679 2158 816 2193 Trierer
849 2157 1226 2203 Wahlangelegenheit
1259 2158 1335 2192 eine
1368 2157 1548 2202 Einigung
1581 2155 1709 2191 erzielt.

135 2203 351 2240 Inz'wischen
375 2205 522 2252 erfolgte
547 2205 609 2240 der
632 2205 828 2241 Abschluss
863 2206 923 2241 des
948 2205 1147 2241 sizilischen
1172 2205 1507 2249 Heiratsmrtrages,
1540 2203 1603 2238 das
1627 2202 1712 2237 Ver-

49 2260 74 2302 ⁸·
134 2250 270 2288 hannis
294 2251 465 2289 zwischen
488 2253 615 2288 Kaiser
637 2253 711 2288 und
735 2253 848 2297 Papst
871 2253 990 2288 wurde
1015 2264 1080 2287 von
1105 2252 1180 2297 Tag
1206 2264 1246 2286 zu
1273 2252 1348 2297 Tag
1372 2252 1594 2297 gespannter.
1643 2249 1710 2284 Am

138 2300 192 2335 11.
208 2297 364 2334 Februar
381 2302 472 2337 1185
497 2300 630 2336 80111088
655 2300 837 2335 Friedrich
862 2301 929 2335 mit
952 2299 1112 2335 Mailand
1137 2300 1192 2334 ein
1219 2299 1362 2334 Schutz-
1379 2311 1413 2334 u.
1431 2297 1709 2340 Trutzbiindnis;

35 2348 83 2391 ἔῃ,-
137 2344 196 2382 die
217 2345 415 2383 Mailfinder
438 2347 608 2383 erhielten
634 2348 696 2383 auf
717 2347 851 2382 Kosten
883 2348 944 2383 des
969 2347 1191 2383 Erzbischofs
1216 2359 1246 2382 v.
1273 2346 1432 2381 Mailand
1457 2345 1514 2387 die
1539 2344 1709 2389 Regalien

39 2395 65 2442 ξ
133 2390 191 2429 fiir
213 2392 282 2436 den
303 2393 460 2440 Umfang
485 2395 546 2430 des
578 2406 711 2440 ganzen
737 2395 975 2439 Erzbistums,
1010 2394 1274 2440 verpflichteten
1306 2394 1381 2429 sich
1414 2393 1608 2437 hingegen,
1643 2391 1709 2426 den

36 2443 69 2478 ’.
102 2478 106 2480 ,
134 2438 260 2476 Kaisar
270 2440 308 2476 iu
322 2441 384 2477 der
394 2441 632 2489 Behauptung
645 2443 731 2478 aller
743 2442 856 2477 seiner
869 2442 1113 2478 italienischen
1130 2442 1377 2486 Besitzungen,
1391 2438 1607 2476 namentlich
1620 2439 1710 2473 auch

134 2485 197 2523 der
217 2487 492 2525 mathildischen
506 2489 627 2525 Laude
651 2501 693 2525 zu
718 2491 970 2525 unterstiitzen.
1008 2489 1082 2524 Auf
1094 2489 1215 2524 Bitten
1235 2489 1296 2523 der
1311 2487 1508 2523 Mailander
1524 2486 1708 2531 versprach

43 2515 74 2578 sy
99 2535 101 2538 ’
133 2533 198 2571 der
216 2533 343 2571 Kaisar
367 2537 541 2580 iiberdies‚
568 2537 631 2572 das
655 2537 705 2572 im
720 2537 828 2572 Jahre
848 2540 938 2573 1160
964 2538 1132 2572 zerstorte
1156 2536 1296 2578 Krema,
1323 2535 1379 2570 die
1403 2533 1708 2577 Bundesgenossin
1764 2579 1771 2585 .

133 2580 312 2619 Hassands
334 2583 408 2619 und
434 2583 610 2629 Gegnerin
634 2584 838 2628 Kremonas,
863 2584 991 2620 wieder
1016 2585 1242 2619 aufzubauen.
1291 2583 1358 2617 Die
1381 2582 1615 2616 Kremonesen
1639 2591 1707 2615 em-

132 2629 257 2713 ffin
290 2629 366 2666 sich
399 2642 511 2676 gegen
537 2631 605 2667 den
628 2631 754 2667 Kaiser
787 2631 860 2667 und
892 2631 1041 2667 suchten
1075 2631 1130 2666 die
1154 2631 1438 2674 Unterstiitzung
1464 2629 1524 2663 des
1548 2628 1706 2672 Papstes.

188 2676 262 2712 '‘us
277 2676 344 2714 111.
371 2678 468 2713 starb
495 2690 551 2713 am
577 2681 633 2715 25.
649 2679 847 2714 November
865 2682 968 2723 1185,
991 2679 1066 2714 ihm
1090 2679 1199 2723 folgte
1226 2678 1287 2713 der
1310 2676 1487 2721 bisherige
1504 2674 1711 2709 Erzbischof

50 2744 60 2758 τ
83 2759 85 2761 ,
133 2732 166 2759 v.
180 2722 342 2760 Hailand
365 2725 418 2760 als
441 2725 564 2761 Urban
579 2726 658 2770 111„
683 2726 818 2761 behielt
842 2727 925 2769 aber
949 2726 1023 2761 sein
1049 2726 1250 2760 Erzbistum
1274 2725 1341 2759 bei.
1379 2723 1502 2758 Dieser
1527 2723 1707 2766 verlangte

50 2777 74 2817 “g
133 2770 246 2809 ¹²0,an
268 2771 342 2807 -der
373 2771 603 2818 Herausgabe
637 2773 700 2808 der
730 2773 1010 2808 mathildischenv
1036 2773 1154 2808 Lande
1192 2784 1267 2807 vom
1293 2771 1418 2806 Kaiser
1450 2769 1607 2815 zugleich
1640 2769 1706 2803 den

49 2842 86 2862 ,ἢ
133 2812 300 2854 Venieht
325 2819 388 2854 auf
408 2819 472 2855 das
496 2819 681 2865 Regalien-
705 2832 738 2856 11.
766 2820 1101 2867 Spolienrecht‚·die
1127 2819 1368 2862 Abschaffung
1394 2818 1455 2852 der
1469 2817 1596 2861 Vogtei
1620 2817 1706 2851 iiber

134 2862 191 2900 dre
223 2863 396 2909 Kimhen,
434 2866 490 2902 die
520 2867 713 2913 Ruckgabe
752 2868 838 2903 aller
869 2868 906 2902 111
940 2867 1188 2903 Laienhanden
1225 2865 1458 2901 befindlichen
1491 2863 1705 2898 kirchlichen

132 2908 318 2949 zelumton.
367 2913 467 2949 Zwar
497 2914 627 2960 gelang
658 2926 695 2950 es
728 2915 795 2950 den
827 2915 876 2950 im
908 2915 1087 2961 Friihjahr
1123 2917 1213 2950 1186
1246 2925 1311 2949 von
1345 2911 1526 2947 Friedrich
1559 2922 1604 2946 an
1638 2910 1705 2946 den

1429 2960 1480 3002 19

205 2978 364 3014 ΒΜ1011,
386 2982 509 3011 Monam.
531 2982 663 3008 German.
685 2983 788 3009 selecta
808 2985 836 3009 4.
