2098 3432
507 319 588 360 180

504 430 734 464 obedientiam
766 432 802 464 et
835 431 1079 466 subiectionem
1112 431 1273 466 inducere
1302 434 1429 477 posset,
1467 433 1632 478 quosdam
1661 435 1842 469 blanditiis
1873 436 1910 470 et
1931 435 2036 471 variis

503 476 784 520 promissionibus
809 476 955 520 seduxit,
981 478 1148 522 quosdam
1172 478 1274 512 minis
1299 480 1335 512 et
1358 479 1545 514 terroribus
1569 480 1694 514 invitos
1718 481 1835 516 traxit.

617 521 801 556 Schreiben
825 522 1035 557 Alexanders
1061 535 1105 558 an
1128 524 1256 558 Arnulf
1275 535 1306 558 V.
1331 524 1488 559 Lisieux:
1523 525 1695 567 Quosdam
1719 527 1825 560 etiam
1849 538 1867 561 e
1891 526 2035 572 impos,

502 568 628 602 aliis
665 568 1074 603 discretioribus
1111 572 1162 604 et
1197 570 1592 606 honestioribus
1629 573 1831 606 occulte
1899 584 1918 607 e
1940 573 2036 607 illo

501 625 519 646 c
531 625 550 647 o
562 625 585 647 n
599 624 617 647 c
630 613 691 647 ili
705 625 725 647 a
737 615 759 648 b
772 614 853 648 ulo
877 614 925 648 fu
939 615 987 659 gi
1000 626 1018 649 e
1030 627 1053 649 n
1066 617 1083 649 t
1095 615 1107 649 i
1118 616 1141 650 b
1154 627 1178 649 u
1191 627 1225 658 s,
1250 616 1474 650 reverentiam
1497 617 1653 652 exhibere
1677 618 1767 660 (dem
1782 617 2034 664 Gegenpapste)

500 659 615 693 laicali
638 660 801 694 violentia.
825 662 861 694 et
884 661 1064 704 tyrannica
1087 661 1302 707 oppressione
1326 662 1448 706 coegit.

615 705 799 740 Schreiben
839 706 899 740 der
936 709 980 741 25
1018 707 1335 742 alexandrinischen
1370 707 1559 743 Kardinale
1603 720 1647 743 an
1684 709 1739 744 die
1776 709 2036 745 Gesamtkirche

499 751 612 795 (April
652 754 777 795 1160):
816 752 885 786 Ubi
910 763 987 787 cum
1011 754 1159 798 episcopi
1185 753 1226 788 de
1251 765 1307 787 ore
1342 754 1493 798 ipsorum
1530 754 1825 790 schismaticorum
1859 756 2034 791 electionis

498 797 651 831 ordinem
688 798 918 841 audivissent,
967 799 1165 834 electionem
1209 799 1336 834 domini
1371 801 1480 834 nostri
1517 801 1687 835 submissa
1722 812 1802 835 voce
1838 802 2035 837 canonicam

497 843 689 877 iudicantes
714 846 750 878 et
773 845 957 878 maledicta
981 845 1017 879 in
1040 845 1118 879 illos
1142 845 1287 890 plurime
1311 848 1542 890 congerentes,
1566 858 1654 880 unus
1671 849 1750 892 post
1765 858 1871 882 unum
1886 848 2035 883 inventis

496 890 730 923 occasionibus
755 890 796 924 de
820 891 963 925 ecclesia
986 891 1076 925 exire
1100 893 1291 936 coeperunt.
1352 891 1450 933 Quod
1485 893 1671 938 imperator
1705 893 1883 938 aspiciens,
1919 893 2035 929 claudi

497 935 599 969 iussit
641 938 759 980 portas
803 937 963 971 ecclesiae
1006 939 1109 982 atque
1154 948 1347 982 paucos,
1396 939 1478 983 qui
1524 941 1900 983 remanserant,
1946 951 2035 974 nec

496 981 692 1025 plures,
717 984 769 1016 ut
793 982 1008 1025 dicitur,
1035 983 1261 1017 Italicos
1286 995 1423 1028 quam
1447 995 1531 1018 sex
1556 986 1639 1018 aut
1663 986 2036 1030 septem,extrema

497 1027 696 1061 discrimina
712 1028 761 1062 eis
778 1030 814 1062 et
829 1029 1047 1063 ecclesiarum
1072 1040 1211 1063 suarum
1237 1029 1502 1064 destructionem
1526 1030 1712 1074 intentam,
1737 1031 1783 1065 ad
1798 1031 2034 1066 inclinandum

495 1075 643 1116 statuae,
669 1085 772 1119 quam
798 1077 961 1117 erexerat,
987 1076 1164 1110 coartavit.

609 1119 794 1154 Schreiben
838 1121 910 1154 Abt
952 1121 1119 1155 Fastrads
1162 1133 1192 1156 v.
1231 1121 1414 1156 Clairvaux
1462 1121 1572 1163 (Ende
1619 1122 1714 1156 Miirz
1753 1124 1875 1167 1161):
1935 1122 2033 1165 Quod

492 1165 521 1198 P
535 1176 556 1199 a
571 1177 593 1210 p
606 1166 618 1199 i
633 1177 653 1200 a
665 1178 683 1200 e
728 1177 805 1201 vero
842 1167 1050 1212 scripserant
1085 1167 1194 1202 CLIII
1229 1167 1277 1201 fu
1290 1167 1302 1201 i
1316 1179 1331 1201 s
1345 1179 1361 1201 s
1374 1179 1392 1202 e
1428 1169 1602 1213 episcopos
1615 1195 1623 1210 ‚
1670 1179 1737 1202 non
1780 1169 1922 1203 suerunt
1965 1169 2033 1204 nisi

492 1211 613 1254 XLIV,
640 1212 699 1257 qui
724 1213 769 1246 ad
792 1213 1008 1258 imperatoris
1033 1223 1146 1247 vocem
1172 1240 1180 1249 .
1199 1241 1207 1249 .
1226 1241 1234 1248 .
1266 1225 1382 1248 omnes
1406 1225 1483 1248 cum
1507 1213 1719 1259 W(ilhelmo)
1746 1214 1917 1260 Papiensi,
1941 1225 2033 1260 pres-

492 1258 610 1301 bytero
647 1258 815 1292 cardinali
848 1259 958 1293 sancti
983 1259 1078 1294 Petri
1112 1260 1156 1293 ad
1186 1260 1332 1302 vincula,
1366 1260 1425 1304 qui
1458 1260 1572 1294 neutri
1595 1260 1686 1304 parti
1713 1260 1927 1304 adhaeserat,
1954 1287 1962 1296 .
1987 1288 1996 1297 .
2023 1288 2031 1297 .

492 1303 628 1338 diutina
653 1304 897 1339 deliberatione
922 1305 1101 1339 consilium
1125 1305 1329 1349 habuerunt,
1369 1317 1405 1340 se
1429 1304 1588 1340 neutrum
1612 1308 1840 1351 suscepturos,
1878 1317 1917 1341 eo
1941 1307 2032 1352 quod

490 1361 590 1394 paucl
626 1354 742 1384 essent
774 1351 815 1384 de
847 1353 922 1385 teta
956 1352 1109 1394 ecclesia,
1143 1362 1317 1396 quousque
1342 1352 1394 1386 vel
1418 1352 1606 1386 communis
1630 1352 1782 1386 omnium
1804 1353 1858 1387 vel
1881 1352 2030 1398 plurium

491 1406 671 1439 regnorum
705 1397 854 1440 synodus
889 1397 1082 1431 conveniret
1106 1397 1157 1431 vel
1181 1398 1397 1432 manifestius
1422 1400 1612 1443 appareret,
1646 1409 1746 1443 quem
1778 1409 1894 1433 eorum
1923 1398 2032 1433 maior

489 1444 525 1475 et
548 1442 663 1477 sanior
686 1453 766 1488 pars
793 1443 954 1477 ecclesiae
985 1446 1192 1488 sequeretur,
1228 1446 1264 1477 et
1296 1444 1387 1478 idem
1412 1455 1448 1478 se
1468 1444 1683 1478 consulturos
1706 1444 1915 1490 imperatori.
1962 1444 2030 1479 Im-

490 1490 627 1532 perator
653 1491 767 1523 autem
791 1500 858 1523 non
883 1490 1066 1532 consensit,
1101 1490 1160 1523 sed
1187 1500 1270 1534 quos
1295 1490 1420 1534 potuit,
1455 1490 1557 1524 minis
1587 1492 1623 1524 et
1645 1490 1803 1535 precibus
1827 1490 2030 1535 singillatim

489 1536 625 1568 vocatos
660 1535 773 1579 coegit
805 1535 986 1580 suscipere,
1024 1547 1123 1580 quem
1157 1536 1230 1580 ipse
1263 1539 1343 1570 ante
1369 1538 1585 1581 susceperat:
1624 1536 1824 1570 absentibus
1847 1538 1972 1571 tamen·
1989 1536 2030 1571 de

489 1591 627 1614 numero
663 1581 860 1626 supradicte
873 1609 880 1623 ,
918 1581 1009 1615 sicut
1043 1581 1135 1615 idem
1171 1581 1377 1615 Wilhelmus
1420 1581 1606 1616 cardinalis
1649 1582 1828 1626 manifeste
1870 1582 2027 1626 asseruit,

486 1626 690 1707 XXHfi'bex
716 1627 840 1672 quibus
866 1638 953 1661 unus
977 1628 1044 1661 fuit
1068 1628 1341 1672 Papiensis
1373 1628 1669 1673 episcopus,
1707 1628 1744 1662 in
1769 1628 1865 1662 cuius
1888 1628 2028 1663 civitate

489 1673 561 1706 ista
610 1684 628 1707 e
654 1675 725 1708 ant.

578 1719 676 1753 Brief
706 1720 861 1754 Johanns
902 1731 966 1754 von
1002 1719 1181 1763 Salisbury
1219 1731 1263 1754 an
1299 1719 1456 1754 Randulf
1493 1731 1556 1754 von
1594 1720 1703 1754 Sertis
1740 1721 1851 1764 (siehe
1885 1721 2028 1755 nachste

486 1765 684 1810 Nummer):
737 1765 887 1800 Transeo
933 1765 977 1799 ad
1020 1777 1125 1799 novas
1163 1767 1199 1799 et
1242 1766 1417 1800 inauditas
1464 1766 1645 1800 decretalis
1690 1767 1810 1811 synodi
1859 1767 2028 1820 subscrip-

486 1812 607 1854 tiones,
644 1813 680 1846 in
717 1812 841 1857 quibus
878 1823 917 1846 ex
955 1812 1188 1856 episcoporum
1224 1812 1358 1846 defectu
1382 1823 1442 1857 pro
1471 1813 1520 1846 eis
1551 1813 1692 1847 comites
1720 1813 1965 1856 admittuntur,
1988 1824 2025 1847 m

486 1858 610 1903 quibus
646 1859 697 1892 illi
743 1859 961 1903 praecipuam
999 1858 1065 1892 sibi
1103 1858 1286 1892 vendicant
1321 1859 1562 1893 auctoritatem
1601 1859 1843 1904 episcopalium
1883 1859 2026 1902 sedium,

486 1915 630 1949 quarum
665 1907 726 1938 aut
759 1905 855 1938 nulla
885 1906 939 1938 est
964 1906 1025 1938 aut
1048 1904 1168 1938 electio
1193 1905 1385 1949 reprobata.
1433 1904 1646 1948 Reginaldus
1678 1905 1768 1939 enim
1801 1905 2026 1940 cancellarius

487 1951 702 1995 imperatoris
736 1962 772 1985 se
797 1950 1031 1985 Coloniensem
1064 1951 1174 1994 gessit
1209 1950 1511 1996 archiepiscopum,
1552 1962 1656 1996 quum
1687 1953 1819 1986 certum
1842 1951 1891 1986 sit
1913 1951 2028 1986 electi-

485 2007 583 2030 onem
595 1997 668 2030 eius
682 2008 703 2030 a
716 1997 868 2031 Romano
883 1996 1053 2041 pontifice,
1071 1997 1171 2030 beato
1184 1996 1348 2039 Adriano,
1365 1996 1470 2031 fuisse
1486 1997 1698 2040 damnatum,
1714 2008 1777 2031 nec
1789 1997 1896 2040 video,
1911 2008 2026 2042 quare,

486 2054 590 2087 quum
615 2043 849 2088 episcopatum
875 2043 1017 2085 ambiat,
1050 2053 1070 2076 a
1094 2042 1232 2077 Victore
1257 2054 1317 2077 suo
1342 2042 1519 2077 distulerit
1542 2043 1745 2086 consecrari,
1769 2043 1836 2077 nisi
1861 2043 1943 2088 quia
1963 2043 2027 2078 im-

484 2089 670 2123 minentem
706 2090 841 2123 ruinam
877 2089 987 2123 timet.
1038 2088 1151 2123 Guido
1191 2099 1302 2123 comes
1341 2089 1382 2122 de
1420 2089 1639 2123 Planderada
1670 2089 1881 2124 Ravennatis
1918 2089 2027 2123 archi-

484 2136 632 2180 episcopi
665 2136 836 2180 supplevit
870 2136 987 2178 vicem,
1022 2146 1126 2180 quum
1161 2146 1222 2169 nec
1253 2135 1344 2168 filius
1378 2146 1471 2178 suus,
1507 2135 1604 2169 cuius
1627 2135 1748 2170 electio
1773 2138 1938 2180 quassata
1961 2137 2025 2177 est,

484 2181 566 2215 licet
587 2183 697 2216 bonus
723 2182 853 2215 iuvenis
878 2182 935 2223 sit,
962 2181 1075 2215 adhuc
1098 2182 1170 2216 vice
1195 2181 1441 2226 archiepiscopi
1466 2181 1562 2225 fungi
1586 2181 1697 2226 possit
1717 2208 1726 2217 .
1746 2210 1753 2216 .
1773 2207 1781 2216 .
1806 2180 1908 2224 Quid,
1933 2182 2024 2225 quod

484 2239 750 2272 regnorum
786 2230 834 2261 et
872 2227 1251 2272 provinciarum
1288 2237 1508 2272 magnus,
1547 2228 1718 2262 falsus
1751 2230 1914 2262 tamen
1937 2227 2026 2262 col-

484 2275 652 2308 lectus
676 2276 754 2307 est
776 2284 1025 2316 numerus,
1060 2276 1101 2307 ut
1137 2274 1384 2318 subscriptores
1408 2274 1469 2308 isti
1492 2274 1701 2318 ignaros
1724 2284 1887 2308 rerum
1912 2284 2024 2308 secum

483 2320 618 2354 facilius
654 2320 689 2354 in
725 2320 964 2365 praecipitium
989 2319 1149 2354 trahant!
1178 2347 1185 2354 .
1212 2347 1219 2355 .
1246 2347 1254 2354 .
1291 2319 1566 2365 Papiensis
1602 2322 1650 2354 et
1685 2320 2026 2354 Placentinus

483 2367 591 2411 epis
605 2377 655 2400 co
669 2366 716 2411 pi
751 2366 837 2400 satis
862 2368 898 2400 et
922 2376 1026 2410 supra
1049 2366 1198 2408 modum,
1235 2376 1296 2410 pro
1320 2368 1418 2409 parte
1442 2377 1529 2410 quae
1555 2365 1697 2400 confidit
1719 2365 1756 2400 in
1779 2365 1926 2408 homine,
1960 2365 2026 2399 sol-

484 2412 611 2447 licitati
628 2414 719 2454 sunt,
738 2412 799 2446 sed
823 2414 1002 2446 neuter
1025 2423 1186 2446 eorum
1212 2412 1481 2446 consensit
1504 2412 1728 2446 consilio
1751 2413 1800 2446 et
1823 2411 2024 2446 actibus

484 2459 533 2492 in
547 2459 558 2492 i
573 2470 630 2503 qu
645 2469 786 2502 orum,
811 2458 971 2503 quoniam
995 2460 1178 2502 expectant
1201 2460 1237 2492 et
1260 2458 1326 2502 ipsi
1351 2469 1494 2502 regnum
1518 2458 1690 2492 Domini.“

598 2513 749 2556 Privileg
783 2511 978 2546 Friedrichs
1013 2511 1068 2545 fiir
1105 2511 1170 2546 den
1207 2511 1430 2546 Patriarchen
1456 2512 1619 2556 Peregrin
1654 2522 1685 2546 v.
1710 2510 1880 2556 Aquileia,
1917 2511 2024 2545 Pavia

487 2562 539 2594 15.
564 2558 716 2593 Februar
743 2561 831 2593 1160
871 2558 1025 2603 (Stumpf
1046 2569 1095 2592 nr.
1121 2560 1232 2599 3892,
1270 2557 1375 2592 Prutz
1400 2569 1430 2592 a.
1457 2569 1487 2592 a.
1514 2557 1553 2592 Ο.
1579 2558 1606 2600 Ι,
1632 2558 1726 2602 438),
1766 2557 1871 2591 worin
1897 2557 2023 2592 diesem

483 2616 516 2640 u.
543 2605 659 2639 seinen
682 2604 912 2648 Nachfolgern
952 2604 1014 2638 das
1046 2604 1183 2638 Bistum
1208 2604 1352 2638 Belluno
1388 2604 1577 2648 geschenkt
1612 2603 1716 2638 wird:
1756 2602 1870 2637 Huius
1908 2605 2023 2637 autem

484 2651 679 2685 donationis
703 2653 739 2685 et
762 2650 1030 2685 confirmationis
1054 2651 1162 2684 testes
1178 2652 1280 2684 sunt:
1306 2650 1478 2684 Arnoldus
1495 2650 1720 2694 Maguntinus
1738 2649 2022 2694 archiepiscopus,

484 2697 731 2731 Wichmannus
767 2696 1076 2740 Magdeburgensis
1113 2696 1398 2740 archiepiscopus,
1434 2696 1646 2730 Hartvichus
1682 2695 1877 2730 Bremensis
1913 2694 2024 2729 archi-

483 2743 672 2788 episcopus,
706 2743 924 2777 Everhardus
949 2742 1214 2785 Bambergensis
1239 2742 1428 2787 episcopus,
1462 2742 1612 2776 Joannes
1636 2741 1929 2785 Merseburgensis
1953 2740 2022 2786 epi-

484 2800 615 2834 scopus,
641 2789 766 2823 Daniel
780 2788 966 2832 Pragensis
990 2788 1179 2833 episcopus,
1205 2788 1424 2822 Hermannus
1440 2788 1621 2822 Ferdensis
1645 2788 1833 2832 episcopus,
1858 2787 2021 2821 Albertus

483 2835 705 2870 Tridentinus
744 2835 942 2880 episcopus,
991 2834 1214 2868 Burchardus
1254 2834 1514 2878 Argentinensis
1553 2834 1749 2879 episcopus,
1797 2832 2021 2868 chuonradus

483 2881 713 2925 augustensis
737 2881 926 2926 episcopus,
959 2880 1096 2914 Ulricus
1121 2880 1319 2914 Tarvisinus
1344 2880 1532 2924 episcopus,
1565 2879 1720 2914 Adamus
1742 2878 1930 2914 Feltreusis
1953 2878 2022 2923 epi-
