2098 3432
431 302 455 342 8

427 412 605 453 turribus
636 412 808 453 fratrum
836 413 1124 466 propinquam,
1164 412 1403 454 festinanter
1432 415 1549 463 adiit,
1586 427 1757 469 cappam
1784 417 1952 459 rubeam

427 468 657 509 indecenter
675 468 807 508 induit
826 469 1051 521 ficticiaque
1071 468 1329 521 pontificatus
1349 469 1524 522 insignia
1544 471 1723 524 arripuit.
1759 471 1955 525 Sequenti

429 526 566 564 autem
587 524 650 564 die
672 524 881 565 ecclesiam
901 525 1009 565 beati
1027 524 1139 564 Petri
1160 524 1281 565 armis
1301 525 1428 578 petiit,
1458 527 1652 568 machinis
1683 527 1954 578 circumdedit,

428 582 536 620 tecta
565 593 782 632 murosque
813 580 950 632 fregit,
987 580 1209 620 homicidiis
1239 581 1411 633 peractis
1443 584 1483 622 et
1511 582 1637 623 nimia
1666 583 1834 624 humani
1863 596 1955 626 san-

429 635 560 688 guinis
601 636 809 684 effusicne,
848 636 904 676 sic
938 636 1104 676 tandem
1133 636 1339 689 improbus
1370 639 1641 690 apostolorum
1669 639 1858 694 principis
1895 640 1957 680 in-

428 691 549 732 travit
577 691 730 732 ianuas.
788 692 927 732 Altera
957 693 1095 732 autem
1125 692 1188 732 die
1220 694 1376 733 armata
1406 706 1530 734 manu
1561 694 1611 734 ad
1640 694 1956 737 Lateranensem

428 748 636 788 ecclesiam
656 748 840 800 perrexit,
869 747 980 788 fumo
1010 747 1102 799 igne
1133 748 1328 800 sanguine
1359 761 1448 789 eam
1475 749 1670 791 violenter
1699 751 1856 801 invasit,
1885 763 1957 805 pa-

427 803 574 843 lacium
613 803 862 851 conscendit,
901 806 1037 857 portas
1072 803 1286 856 confregit,
1324 805 1438 846 sedes
1478 806 1716 859 pontificum
1756 807 1954 857 contrivit,

427 859 646 900 sacrarium
685 860 790 900 beati
812 859 1036 899 -Laurentii
1075 860 1252 912 aperuit,
1291 873 1394 912 quae
1431 861 1584 914 optima
1622 862 1696 903 sibi
1734 863 1822 904 visa
1859 866 1956 904 sunt

426 915 607 967 diripuit,
647 915 696 955 ad
725 916 887 968 propria
925 927 966 956 se
1006 915 1222 968 recollegit.
1280 915 1379 957 Post
1414 917 1489 958 hoc
1517 917 1764 968 Palladium,
1804 919 1846 960 in
1877 931 1956 972 quo

426 970 611 1011 dominus
633 973 769 1012 noster
789 983 894 1024 papa
913 971 1172 1012 Innocentius
1202 984 1295 1012 cum
1325 972 1522 1014 catholica
1551 974 1718 1015 ecclesia
1746 974 1956 1025 residebat,

426 1027 670 1079 aggreditur.
727 1027 881 1067 Verum
912 1027 1114 1079 equitibus
1145 1029 1185 1068 et
1215 1028 1328 1080 equis
1358 1028 1542 1082 plurimis
1573 1029 1752 1080 amissis,
1793 1031 1835 1071 in
1865 1043 1957 1072 con-

425 1082 580 1123 fusione
611 1095 707 1123 suae
738 1083 981 1135 ignominiae
1012 1083 1178 1124 domum
1207 1084 1380 1137 turpiter
1408 1085 1583 1126 recessit.
1851 1131 1854 1133 ,

537 1138 855 1192 Depredationes
870 1151 963 1180 vero
981 1139 1239 1180 ecclesiarum
1256 1142 1296 1180 et
1310 1140 1500 1194 precipue
1516 1141 1623 1182 beati
1637 1141 1749 1182 Petri
1762 1142 1955 1192 thesauri,

427 1207 548 1246 quem
568 1195 775 1247 pontifices
796 1195 969 1235 Romani
990 1196 1030 1235 et
1060 1195 1322 1236 sacratissimi
1351 1196 1612 1250 imperatores
1641 1197 1727 1239 Deo
1757 1197 1955 1251 beatoque

426 1250 547 1291 Petro
579 1250 875 1299 dedicaverunt,
906 1251 947 1290 in
968 1251 1222 1304 lampadibus
1244 1252 1375 1293 aureis
1397 1252 1586 1294 calicibus
1605 1253 1833 1295 thuribulis
1863 1266 1957 1295 can-

425 1306 597 1347 delabris
633 1306 876 1358 imaginibus
915 1307 1098 1347 crucibus
1128 1307 1299 1359 gemmis
1330 1308 1499 1360 aliisque
1529 1309 1636 1350 vasis
1665 1309 1854 1363 preciosis
1882 1322 1957 1351 nec

423 1374 503 1402 non
525 1364 565 1402 et
583 1362 716 1415 palliis
747 1364 787 1403 et
815 1362 994 1403 vestibus
1025 1362 1160 1404 sericis
1192 1375 1287 1404 auro
1318 1365 1570 1417 gemmisque
1601 1365 1796 1407 contextis
1825 1365 1958 1420 direp-

424 1417 573 1465 tiones,
611 1431 684 1459 nec
721 1431 800 1459 non
839 1420 879 1459 et
908 1418 1164 1471 praediorum
1195 1419 1556 1462 ecclesiasticorum
1585 1421 1886 1475 pignorationes
1916 1424 1957 1463 et

424 1474 727 1526 peregrinorum
749 1474 1032 1527 expoliationes
1054 1478 1229 1527 quantae
1251 1475 1342 1525 sint,
1365 1476 1434 1528 qui
1449 1477 1623 1518 Romam
1642 1477 1705 1519 vel
1725 1477 1956 1519 Jerusalem

424 1532 643 1582 properant
673 1532 814 1571 euntes
846 1532 886 1570 et
914 1530 1148 1579 redeuntes,
1178 1531 1328 1583 ubique
1359 1532 1578 1574 diffamant.
1636 1532 1724 1584 Que
1753 1545 1845 1575 vero
1876 1534 1955 1575 alia

424 1586 558 1638 turpia
592 1586 677 1639 ipse
708 1586 850 1638 suique
882 1586 1093 1640 complices
1124 1589 1285 1640 gerant,
1324 1588 1526 1640 regalibus
1557 1589 1721 1631 auribus
1749 1602 1831 1631 non
1861 1591 1957 1631 sunt

424 1641 642 1682 referenda.

535 1697 614 1738 Sed
653 1710 725 1751 per
753 1698 829 1738 Dei
867 1698 1040 1750 gratiam
1068 1698 1174 1740 infra
1202 1699 1359 1753 paterni
1389 1700 1495 1740 muri
1526 1713 1668 1742 caveas
1697 1701 1780 1742 iam
1808 1701 1956 1742 latitat.

422 1754 598 1794 Abbates
615 1754 866 1794 marchiones
882 1754 1081 1807 principes
1103 1755 1250 1807 aliique
1271 1757 1441 1797 barones
1461 1756 1503 1796 in
1520 1756 1715 1798 auxilium
1737 1757 1957 1798 catholicae

423 1812 463 1850 et
494 1810 735 1863 apostolicae
766 1810 956 1851 ecclesiae
986 1814 1213 1864 properant.
1273 1811 1499 1854 Orientales
1530 1814 1570 1854 et
1599 1813 1866 1855 occidentales
1895 1826 1958 1854 eo-

421 1865 564 1906 clesiae
594 1866 846 1919 praedictum
876 1867 1102 1907 invasorem
1131 1867 1218 1920 pari
1248 1870 1339 1909 voto
1369 1868 1537 1921 parique
1567 1881 1766 1910 consensu
1794 1882 1956 1922 unoque

422 1921 567 1974 spiritu
613 1922 870 1963 anathemate
916 1922 1232 1976 condempnant;
1284 1923 1491 1965 dominum
1535 1937 1628 1966 vero
1671 1925 1956 1966 Innocentium

419 1989 586 2030 papam,
631 1990 655 2018 a
694 1978 898 2019 catholicis
945 1979 1138 2020 catholice
1189 1980 1378 2029 electum,
1433 1980 1625 2022 catholice
1669 1982 1960 2032 consecratum,

424 2033 529 2074 sicut
568 2034 839 2075 universalem
875 2036 1034 2088 patrem
1073 2037 1114 2076 et
1154 2036 1261 2077 beati
1289 2036 1401 2077 Petri
1431 2036 1624 2078 vicarium
1655 2037 1958 2091 amplectuntur

424 2091 667 2131 venerantur
698 2090 862 2142 suisque
892 2090 1047 2132 nuntiis
1076 2091 1346 2144 frequentant.

536 2145 643 2195 Quid
680 2146 805 2198 igitur
844 2159 964 2200 super
993 2147 1055 2188 his
1094 2148 1288 2189 celsitudo
1319 2151 1471 2198 vestra,
1509 2162 1530 2189 ο
1561 2149 1846 2201 gloriosissime
1875 2161 1956 2200 reX,

423 2214 540 2253 agere
562 2202 715 2250 debeat,
745 2203 892 2254 regalis
914 2203 1164 2256 providentia
1187 2204 1340 2257 Spiritu
1362 2207 1500 2246 sancto
1522 2217 1715 2246 succensa
1733 2205 1956 2259 provideat.

423 2257 641 2310 Accingere
662 2258 797 2310 igitur,
828 2260 868 2298 et
889 2259 1195 2313 archiepiscopis
1217 2262 1256 2301 et
1277 2260 1483 2314 episcopis,
1505 2261 1717 2303 abbatibus
1737 2261 1956 2315 religiosis-

422 2326 499 2365 que
539 2314 633 2354 viris
673 2327 747 2355 nec
786 2327 866 2355 non
905 2318 945 2355 et
984 2316 1097 2368 regni
1126 2316 1373 2370 principibus
1404 2317 1519 2358 solito
1549 2330 1660 2359 more
1689 2317 1731 2359 in
1762 2317 1956 2359 auxilium

419 2369 609 2422 principis
640 2370 913 2423 apostolorum
942 2375 1202 2426 properanter
1242 2386 1425 2420 occurre;
1465 2373 1656 2426 quatinus
1687 2373 1855 2415 ecclesia
1881 2374 1958 2415 Dei

421 2426 579 2474 letetur,
610 2426 748 2478 religio
771 2426 989 2468 christiana
1018 2428 1269 2478 sublimetur,
1300 2429 1619 2470 scismaticorum
1648 2429 1817 2484 perfidia
1845 2443 1953 2472 com-

420 2482 629 2535 primatur,
661 2495 806 2523 corona
836 2483 977 2536 capitis
1007 2484 1069 2524 tui
1100 2497 1123 2525 a
1151 2497 1244 2538 rege
1275 2486 1435 2526 caelesti
1467 2485 1738 2528 benedicatur.

535 2537 623 2588 Que
644 2551 737 2579 vero
757 2539 822 2580 hic
843 2539 1000 2589 desunt,
1030 2541 1268 2582 venerabilis
1290 2541 1415 2582 frater
1443 2543 1580 2583 noster
1611 2544 1650 2583 et
1669 2542 1755 2584 Deo
1785 2542 1957 2584 dilectus

423 2594 675 2647 G(ualterus)
713 2595 961 2636 Ravennatis
1000 2597 1189 2638 ecclesiae
1230 2597 1552 2651 archiepiscopus
1591 2598 1682 2640 viva
1721 2598 1833 2640 vobis
1862 2611 1957 2640 voce

422 2650 666 2691 clarificabit.
717 2650 847 2701 Quem
879 2653 1076 2693 attentius
1107 2653 1313 2694 serenitati
1343 2656 1500 2695 vestrae
1532 2654 1884 2703 commendamus;
1916 2657 1957 2696 et

423 2709 468 2746 ut
509 2718 603 2746 eum
639 2719 710 2760 pro
746 2708 972 2748 reverentia
1012 2709 1118 2749 beati
1147 2709 1258 2750 Petri
1290 2712 1330 2750 et
1359 2710 1484 2751 totius
1515 2710 1734 2752 catholicae
1764 2711 1955 2753 ecclesiae

423 2763 636 2804 honorifice
667 2764 860 2813 tractetis,
890 2777 1092 2816 rogamus.
