2098 3432
1664 265 1716 305 51

26 377 100 428 “5335
145 381 444 424 conuertuntur
473 379 726 421 declinantes
758 391 782 421 a
810 380 931 430 malo,
961 379 1096 434 parati
1125 378 1257 421 facere
1289 380 1455 421 bonum.
1502 379 1584 422 Sed
1605 380 1718 421 aliud

75 446 110 493 ¹3}
145 437 373 492 dampnum
401 438 568 479 veretur
597 437 719 490 longe
751 437 930 491 amplius
960 437 1010 478 de
1040 438 1307 479 conuersione
1339 437 1546 490 gentium,
1590 451 1720 491 quum

74 498 120 548 „gg
144 494 307 547 audiuit
334 493 637 549 plenitudinem
669 507 813 536 earum
833 494 1097 536 introituram
1128 496 1169 535 et
1190 507 1356 535 omnem
1378 507 1541 548 quoque
1561 495 1721 536 Israhel

78 549 122 594 ’,ξ
144 550 232 598 bro
260 543 522 594 saluandum.
581 551 671 593 Hoc
701 551 739 593 ei
766 565 878 594 nunc
906 553 1072 606 tempus
1102 551 1318 593 imminere
1349 552 1530 602 videtur,
1562 554 1604 594 et
1633 554 1722 594 tota

145 608 292 657 fraude
321 609 504 663 sathagit
523 610 692 650 versuta
711 609 883 659 malitia,
915 609 1266 662 quemadmodum
1296 609 1437 650 obuiet
1466 611 1582 651 tanto
1603 610 1720 652 bono.

77 663 379 724 *W-''aeffiiscitauit
406 665 575 721 proinde
606 678 748 708 semen
778 679 959 732 nequam
988 666 1093 708 filios
1123 666 1343 708 sceleratos
1372 679 1573 721 paganos,
1606 680 1721 720 quos,

94 729 100 738 ²
131 725 200 779 ”at
233 737 332 780 pace
369 727 508 766 vestra
537 723 731 774 dixerim,
771 724 896 766 nimis
927 724 998 765 diu
1029 723 1228 766 sustinuit
1258 723 1576 766 christianorum
1607 724 1722 766 forti—

133 780 252 831 itudo
281 781 506 836 perniciose
526 780 772 823 insidiantes
793 781 1060 823 dissimulans
1081 782 1270 823 calcaneo
1291 794 1365 823 suo
1395 795 1472 824 nec
1507 783 1721 824 conterens

12 938 15 939 f
74 838 307 947 stgffi
323 840 540 946 {Zss‘ssniigt
569 837 682 949 efge?
696 838 983 946 ᾶὲἓίῖοῗέἕὲέ
997 838 1246 938 8ῗέΡὲἓῖΞῷ
1270 839 1724 950 ssssssrffisflzffsssifiss

27 973 30 975 *
106 938 332 1000 ‘'inflictur
350 955 403 996 et
429 966 514 996 non
543 955 709 1018 propter
738 954 816 995 1100
836 928 1087 1008 impediatur
1106 954 1174 996 via
1193 953 1575 1008 iherosolymitana.
1615 954 1723 1006 Quia

17 1038 22 1043 .,
72 1011 96 1043 f
148 1011 260 1058 mim
290 1011 462 1054 verbum
490 1011 569 1053 hoc
597 1011 729 1052 crucis
759 1011 959 1075 parilitati
978 1012 1118 1053 nostre
1140 1011 1331 1052 dominus
1352 1012 1723 1077 euangelizandum

16 1106 21 1123 Ι
150 1068 375 1121 0001101011,
398 1068 566 1111 consilio
597 1067 751 1110 domini
781 1068 889 1122 regis
921 1070 963 1110 et
992 1069 1276 1123 episcoporum
1307 1070 1349 1110 et
1377 1069 1620 1124 principum,
1652 1070 1723 1123 qui

14 1130 18 1134 ”
60 1125 76 1178 ⁴„
89 1122 111 1179 ῩΙ
146 1127 426 1171 conuenerant
467 1125 800 1176 Frankonouort‚
846 1125 1164 1176 denunciamus,
1209 1126 1361 1167 armari
1405 1127 1725 1169 christianorum

88 1179 103 1238 {L
146 1184 272 1228 robur
308 1182 509 1226 aduersus
553 1183 645 1225 illos
691 1184 732 1224 et
769 1182 828 1224 ad
873 1183 1126 1225 delendas
1171 1183 1394 1237 penitus
1440 1187 1534 1226 aut
1578 1187 1723 1227 certe

11 1243 93 1273 ='
149 1239 555 1285 001100110οᾱ00
598 1240 855 1282 nationes
898 1241 1022 1282 illas
1068 1241 1234 1294 signum
1278 1240 1461 1283 salutare
1506 1242 1724 1297 suscipere,

147 1297 360 1345 'eandem
398 1298 473 1340 eis
510 1297 896 1363 promittentes
926 1298 1329 1352 indulgentiam
1358 1301 1724 1352 peccatorum,

12 1364 14 1366 ’
184 1367 304 1399 uam
333 1356 383 1399 et
412 1354 537 1406 hiis,
569 1355 657 1409 qui
678 1367 865 1398 versus
885 1355 1300 1398 Iherosolimam
1331 1357 1457 1398 sunt
1485 1357 1723 1411 profecti.

17 1409 21 1419 ⁴
55 1417 81 1474 Ἰ’
146 1368 204 1457 {t
182 1413 362 1456 tmulti
401 1412 567 1467 quidem
599 1413 751 1466 signati
783 1415 882 1455 sunt
911 1413 1000 1467 ipso
1030 1413 1137 1463 loco,
1176 1415 1334 1455 ceteros
1367 1415 1507 1455 autem
1538 1415 1589 1456 ad
1621 1427 1724 1470 opus

149 1469 284 1516 simile
303 1470 634 1526 prouocauimus,
664 1473 712 1511 ut
734 1471 806 1524 qui
828 1482 876 1512 ex
897 1471 1130 1512 christianis
1167 1471 1345 1513 necdum
1367 1471 1522 1524 signati
1554 1475 1653 1514 sunt
1674 1473 1724 1514 ad

19 1571 31 1582 ΙΙ
44 1534 94 1582 1:33
148 1526 258 1572 viam
286 1527 613 1578 Iherosolimam‚
642 1528 836 1570 nouerint
857 1528 1031 1570 eandem
1051 1541 1142 1570 sese
1171 1528 1479 1581 indulgentiam
1500 1529 1580 1572 hac
1600 1530 1725 1584 adep-

43 1581 75 1635 ζί
147 1586 263 1629 turos
284 1585 552 1650 expeditione,
583 1585 618 1627 si
647 1587 788 1627 tamen
818 1586 1078 1640 prestiterint
1108 1587 1151 1627 in
1182 1598 1230 1628 ea
1259 1598 1333 1640 pro
1365 1587 1536 1628 consilio
1568 1588 1723 1641 episco-

150 1654 299 1701 porum
319 1644 361 1686 et
379 1643 624 1698 principum.
672 1643 817 1684 Illud
840 1643 975 1684 enim
996 1643 1308 1685 omnimodis
1330 1643 1724 1696 interdicimus,

152 1712 216 1743 ne
253 1712 356 1755 qua
391 1700 599 1743 ratione
637 1700 826 1742 ineant
865 1700 1016 1742 fedus
1047 1713 1158 1743 cum
1188 1702 1279 1751 eis,
1320 1713 1490 1754 neque
1521 1715 1608 1756 pro
1637 1715 1723 1756 pe-

153 1757 308 1800 cunia
347 1770 517 1812 neque
560 1771 649 1812 pro
690 1757 912 1807 tributo,
958 1758 1126 1800 donec
1166 1733 1464 1800 auxiliante
1505 1759 1597 1801 deo
1637 1762 1723 1802 aut

21 1807 93 1869 ,,.,Ῐξ’
152 1813 294 1858 ritus
322 1814 435 1870 ipse
465 1817 554 1858 aut
586 1815 730 1858 natio
761 1815 1020 1858 deleatur.
1069 1815 1195 1858 Vobis
1226 1828 1325 1858 sane
1355 1816 1565 1870 loquimur
1594 1818 1725 1859 archi-

46 1877 85 1923 ,ζ
153 1871 353 1929 episcopis
392 1874 434 1915 et
470 1873 720 1928 coepiscopis
758 1873 926 1923 vestris,
967 1873 1157 1928 opponite
1197 1873 1386 1924 omnino,
1425 1875 1473 1915 ut
1501 1875 1726 1916 maximam

19 1938 65 1968 ’.
153 1940 278 1987 snper
305 1930 386 1972 hiis
417 1931 570 1985 geratis
592 1931 911 1973 sollicitudinem
940 1932 991 1981 et,
1024 1932 1410 1984 quantumcumque
1430 1932 1615 1985 potestis,
1637 1936 1725 1974 stu—

51 1987 70 2043 '4
82 2035 83 2038 Ι
152 1981 268 2031 dium
288 1987 518 2031 adhibeatis
539 1989 580 2030 et
600 1988 867 2042 diligentiam,
898 1989 946 2030 ut
966 1988 1137 2030 viriliter
1156 1988 1240 2039 fiat,
1271 1990 1313 2030 et
1339 1989 1569 2031 secundum
1599 1990 1724 2032 deum

16 2055 27 2098 ζ
51 2050 100 2093 'ss‘
150 2044 332 2088 ministri
362 2044 518 2088 Christi
554 2046 671 2096 estis,
712 2047 754 2087 et
791 2046 940 2088 idcirco
970 2045 1202 2088 fiducialius
1234 2058 1258 2087 a
1287 2046 1401 2087 vobis
1440 2047 1636 2100 exigitur,
1677 2049 1726 2089 ut

20 2110 23 2146 Γ
46 2099 89 2146 ⁷³:1⁴
150 2102 316 2156 negotio
337 2102 436 2154 eius,
457 2103 567 2158 quod
588 2103 640 2145 ad
654 2116 727 2145 vos
749 2105 919 2167 spectat,
940 2103 1180 2157 inuigiletis.
1211 2103 1298 2145 Nos
1320 2116 1481 2157 quoque
1497 2105 1724 2159 plurimum

124 2168 125 2171 ’
152 2158 197 2206 id
221 2171 420 2214 rogamus
450 2163 492 2203 et
514 2161 810 2203 obsecramus'
798 2174 842 2202 111
864 2161 1041 2203 domino.
1090 2161 1182 2202 Erit
1203 2162 1347 2202 autem
1377 2161 1500 2203 huius
1523 2162 1725 2205 exercitus

17 2253 22 2255 ,
86 2215 113 2264 *s
152 2215 228 2259 et
211 2228 257 2259 m
277 2217 460 2260 vestibus
482 2218 585 2261 etin
607 2218 733 2260 armis
755 2220 797 2260 et
816 2217 955 2260 faleris
978 2219 1205 2272 ceterisque
1236 2218 1428 2260 omnibus
1459 2219 1614 2270 eadem,
1644 2233 1723 2274 que

15 2295 18 2299 >
152 2275 197 2316 et
214 2274 385 2318 'alterius
406 2276 608 2318 exercitus
627 2275 872 2326 obseruatio,
893 2276 1044 2331 quippe
1065 2289 1167 2330 quos
1184 2275 1330 2318 eadem
1344 2276 1560 2319 retributio
1575 2278 1723 2319 munit.

150 2328 315 2375 Placuit
355 2334 496 2376 autem
531 2334 723 2375 omnibus
761 2334 805 2375 in
840 2334 1153 2376 Frankeneuort
1193 2333 1470 2387 congregatis,
1517 2337 1722 2399 quatenus

16 2407 18 2414 ’
71 2420 99 2446 Ι,
153 2389 361 2444 exemplar
397 2391 575 2432 istarum
604 2391 840 2433 litterarum
869 2391 1022 2445 ubique
1051 2392 1288 2446 portaretur
1318 2392 1360 2432 et
1390 2391 1568 2447 episcopi
1600 2395 1723 2447 atque

6 2479 7 2482 ¹
153 2446 383 2512 presbyteri
431 2449 583 2503 populo
636 2448 702 2490 dei
753 2449 1057 2491 annunciarent
1102 2450 1143 2490 et
1187 2461 1255 2491 eos
1301 2450 1490 2491 contra
1538 2450 1723 2492 hostes

88 2535 95 2546 ‚i
152 2503 329 2546 010010
350 2504 570 2556 Christi,
601 2506 686 2560 qui
717 2507 838 2547 sunt
867 2506 1012 2548 ultra
1031 2506 1250 2556 Albim,a
1233 2508 1260 2540 ¹²)
1293 2505 1409 2559 signo
1430 2508 1571 2549 sancte
1592 2508 1724 2549 crucis

63 2555 116 2610 ’ἶ
151 2561 440 2616 consignarent
459 2565 502 2605 et
521 2564 741 2613 armarent,
771 2563 842 2617 qui
860 2563 1059 2605 nimirum
1079 2576 1223 2605 omnes
1243 2563 1287 2604 in
1307 2562 1411 2605 festo
1442 2565 1722 2619 apostolorum

88 2668 99 2695 ΙΙ
99 2616 264 2662 Pani
293 2619 336 2662 et
362 2619 484 2663 Pauli
495 2621 537 2676 *)
568 2622 670 2676 aput
698 2620 957 2674 Magdeburg
987 2622 1206 2663 conuenire
1237 2620 1398 2662 debent.

267 2736 306 2776 a)
331 2733 484 2771 Boczek.
509 2736 603 2771 ultra
629 2736 711 2771 albi.

269 2781 303 2826 *)
327 2783 384 2817 29.
408 2782 503 2818 Juni.

1443 2954 1498 2995 4*
