2098 3432
487 314 568 356 164

482 425 667 460 Heinrichs
691 437 721 460 v·
749 424 1028 469 Berchtesgaden
1061 435 1104 459 an
1128 424 1307 460 Eberhard
1331 437 1363 461 v.
1387 425 1555 471 Salzburg
1590 426 1768 472 (Ragewin
1791 426 1852 470 IV,
1884 438 1912 463 c.
1939 428 2019 472 82):

486 471 685 506 Cardinales
710 473 746 505 et
767 471 892 513 clerici,
918 471 977 516 qui
1003 482 1064 516 pro
1085 474 1183 516 parte
1195 471 1344 506 Victoris
1369 472 1523 516 aderant,
1547 473 1584 507 in
1608 473 1758 507 medium
1782 475 2021 518 processerunt

482 520 518 551 et
542 518 721 562 utriusque
745 517 866 551 seriem
892 517 1067 551 electionis
1092 519 1328 562 exposuerunt.
1365 517 1474 563 Super
1497 529 1564 564 qua
1587 519 1759 552 continuis
1785 522 1806 553 5
1830 518 1951 554 diebus
1975 519 2019 554 ab

485 563 652 608 episcopis
689 564 725 597 et
762 563 840 596 aliis
864 563 1092 607 prudentibus
1120 563 1202 597 viris
1230 563 1362 608 copiose
1390 563 1603 609 disputatum
1633 576 1710 598 cum
1749 564 1888 608 fuisset,
1924 567 2021 600 sexta

482 609 622 643 tandem
656 609 710 642 die
742 609 778 642 in
810 609 946 654 publico
970 609 1171 643 consistorio
1195 609 1370 644 electionis
1395 610 1548 655 capitula
1572 610 1681 644 denuo
1719 610 1895 656 proposita
1926 613 2019 654 sunt,

482 657 518 689 et
542 655 679 698 singula
704 665 725 687 a
748 654 919 689 canonicis
944 655 1128 689 aecclesiae
1151 655 1246 689 beati
1261 655 1356 689 Petri
1372 657 1408 690 et
1422 656 1612 690 rectoribus
1630 656 1777 690 Romani
1792 656 1884 699 cleri,
1909 667 2022 691 sacra-

482 703 597 734 mento
634 711 735 746 super
765 702 886 735 sancta
910 703 1057 745 quatuor
1081 701 1261 744 euangelia
1283 701 1439 746 prestito,
1476 702 1678 736 confirmata
1702 730 1710 737 .
1736 730 1744 738 .
1770 729 1778 738 .
1805 702 1915 746 Unde,
1940 703 2022 756 quia

483 747 607 781 dilatio
639 757 706 780 non
739 757 883 791 parvum
914 748 987 780 tam
1020 747 1203 781 aecclesiae
1236 757 1339 792 quam
1371 748 1512 792 imperio
1538 748 1719 782 videbatur
1742 748 1867 782 minari
1890 759 2019 794 pencu-

481 793 553 826 lum
579 820 587 827 .
614 820 621 827 .
649 820 668 835 .,
689 792 835 826 eundem
858 793 1031 827 Victorem
1061 794 1102 827 ut
1134 793 1359 838 apostolicum
1391 793 1427 827 in
1461 794 1623 828 aecclesia
1654 794 1886 839 sollempniter
1917 795 2022 829 susci-

483 839 626 883 pientes,
653 838 790 872 solitam
817 839 847 872 ei
871 839 1098 872 reverentiam
1122 839 1359 874 exhibuerunt.
1388 860 1427 864 —
1461 839 1662 874 Vincentius
1687 851 1718 876 v.
1743 840 1835 884 Prag
1870 839 1945 885 (der
1969 841 2021 875 als

483 884 658 928 Begleiter
682 884 742 918 des
759 884 975 919 Erzbischofs
992 885 1115 919 Daniel
1140 896 1170 919 V.
1187 885 1279 929 Prag
1304 886 1365 919 anf
1386 885 1446 919 der
1469 885 1603 930 Synode
1628 885 1808 920 anwesend
1831 896 1956 920 war—
1971 886 2019 922 M.

483 930 524 965 G.
538 930 597 965 SS.
611 930 722 973 XVII,
740 931 821 973 679)
835 944 842 964 ε
869 930 966 964 Sicut
981 931 1018 964 in
1034 930 1231 965 huiusmodi
1247 941 1283 965 re
1300 930 1373 965 fieri
1390 931 1488 974 solet,
1507 932 1566 966 alii
1583 932 1684 974 hunc,
1702 931 1763 966 alii
1779 931 1886 966 alium
1904 943 2022 967 verum

482 987 606 1021 papam
639 978 675 1010 et
706 976 914 1010 catholicum
945 978 1139 1021 proferunt,
1175 977 1315 1021 plurimi
1348 977 1497 1022 episcopi
1528 977 1754 1012 Lombardiae
1783 977 1820 1012 in
1845 978 2020 1013 absentem

481 1022 674 1056 Rolandum
699 1023 905 1056 sententiam
929 1034 997 1056 non
1022 1022 1142 1057 debere
1167 1022 1262 1056 mitti
1285 1026 1486 1059 asserentes.
1535 1023 1663 1058 Contra
1690 1023 1756 1058 hoc
1779 1024 1919 1069 plurimi
1942 1024 2022 1059 Ale-

481 1069 639 1102 manniae
670 1068 840 1113 principes
874 1069 1098 1113 respondent:
1131 1068 1317 1114 Episcopos
1349 1069 1572 1104 Lombardiae
1596 1069 1660 1103 has
1685 1080 1802 1104 omnes
1826 1070 2021 1105 vocationes

481 1117 517 1148 et
548 1114 660 1148 curias
693 1125 770 1148 cum
803 1115 952 1159 quinque
985 1115 1104 1149 solidis
1138 1125 1236 1160 posse
1267 1115 1437 1150 celebrare
1469 1116 1599 1150 dicunt.
1670 1115 1915 1150 Verumtamen
1939 1116 2021 1161 quia

481 1160 622 1205 quidam
646 1171 762 1194 eorum
786 1161 828 1194 ab
856 1161 996 1203 oriente,
1022 1161 1162 1206 quidam
1187 1162 1229 1195 ab
1255 1161 1439 1204 occidente,
1465 1161 1606 1207 quidam
1632 1172 1654 1195 a
1677 1162 1822 1196 desertis
1846 1162 2021 1197 montibus

481 1206 526 1240 ad
542 1207 606 1241 hoc
622 1206 918 1241 determinandum
935 1208 1046 1241 vocati
1063 1207 1213 1249 veniant,
1230 1207 1320 1242 hanc
1377 1208 1596 1253 remptoriam
1614 1207 1826 1242 vocationem
1841 1208 2022 1253 utriusque

480 1253 591 1297 partis
624 1263 697 1287 esse
731 1255 932 1295 asserentes
969 1253 1107 1287 dicunt:
1145 1252 1234 1296 „Qui
1267 1253 1311 1287 ad
1367 1265 1406 1288 oc
1430 1254 1543 1289 venire
1566 1253 1727 1298 neglexit,
1763 1254 1963 1298 negligatur
1985 1256 2022 1289 et

480 1300 572 1343 ipse;
605 1299 664 1343 qui
694 1298 758 1332 hoc
790 1299 932 1343 spernit,
964 1301 1146 1344 spernatur
1180 1301 1216 1333 et
1247 1299 1339 1344 ipse;
1373 1302 1409 1334 et
1432 1300 1492 1346 qui
1516 1300 1558 1334 de
1581 1300 1675 1334 trina
1692 1299 1874 1334 vocatione
1897 1299 1935 1334 in
1957 1299 2021 1335 hoc

481 1344 625 1378 articulo
650 1344 781 1390 ahquid
806 1345 988 1387 somniant,
1022 1345 1234 1379 dormierimt
1266 1356 1421 1380 somnum
1454 1357 1554 1380 suum
1577 1348 1613 1380 et
1645 1346 1732 1380 nihil
1756 1346 1960 1380 invenerunt
1982 1346 2020 1380 in

481 1391 639 1424 manibus
664 1391 769 1426 suis.“
818 1391 1022 1435 Peregrinus
1045 1391 1262 1436 Aquileensis
1295 1392 1504 1436 patriarcha,
1537 1391 1711 1426 Amoldus
1744 1391 2020 1436 Moguntinensis

481 1437 755 1482 archiepiscopus
779 1439 816 1471 et
840 1437 900 1471 alii
925 1437 1074 1482 episcopi
1101 1437 1223 1471 dicunt
1246 1441 1446 1481 surgentes:
1472 1437 1586 1481 „Quia
1609 1437 1787 1472 Rolandus
1810 1438 2021 1472 vocationem

482 1483 750 1563 isffpffiffisssssst
762 1483 937 1563 3ᾱέἓῖἶὲ
950 1483 1111 1564 ἷῖῗὲῗὲἷὲθ
1112 1495 1168 1564 13ΞΡ
1169 1483 1476 1564 ἰῖῗζῖῑῑέΡῖᾮῖζῖΥ
1493 1484 1801 1576 {23⁶3}ssssqu
1812 1483 2022 1565 ῗὲἆῗέὲῗυῗ

479 1575 606 1609 iudicio
631 1575 793 1609 ecclesiae
816 1575 914 1610 Dei.“
940 1575 1015 1610 Hoc
1039 1576 1188 1621 episcopi
1211 1557 1362 1621 pluriini,
1388 1576 1594 1621 singillatim
1617 1575 1834 1620 interrogati,
1859 1576 2019 1612 laudant.

481 1621 574 1665 (Vgl.
601 1621 690 1655 auch
713 1623 818 1655 unten
831 1622 870 1665 !)]

483 1799 539 1833 die
563 1799 701 1834 kfirzere
727 1798 804 1844 (Ep.
830 1798 951 1839 minor)
988 1799 1186 1834 iiberliefert
1207 1799 1374 1844 Ragewin
1411 1797 1519 1834 Gesta
1542 1798 1601 1842 IV,
1627 1810 1655 1835 c.
1681 1802 1737 1842 80,
1776 1798 1838 1833 der
1860 1799 1910 1833 sie
1931 1799 2022 1834 wohl

481 1845 559 1879 dem
583 1845 789 1889 Salzburger
812 1845 959 1879 Archive
991 1847 1208 1880 entnommen
1231 1846 1312 1889 hat;
1351 1845 1406 1879 die
1441 1845 1578 1889 langere
1602 1845 1679 1891 (Ep.
1703 1845 1826 1890 maior)
1864 1845 1929 1879 hat
1965 1846 2026 1880 auf

483 1891 605 1925 Grund
640 1893 733 1926 eines
758 1891 870 1926 Codex
894 1891 1097 1926 Elnonensis
1133 1895 1247 1926 zuerst
1269 1892 1424 1926 Martene
1460 1893 1496 1925 et
1518 1891 1674 1934 Durand,
1710 1891 1908 1926 Thesaurus
1943 1902 2020 1927 nov.

483 1937 637 1973 anecdot.
662 1938 690 1980 I,
728 1940 797 1972 447
823 1938 858 1971 ff.
883 1937 1051 1980 (darnach
1075 1938 1175 1972 Pertz
1211 1938 1247 1972 in
1271 1939 1318 1973 M.
1346 1937 1384 1973 G.
1411 1937 1501 1981 legg.
1526 1937 1574 1980 II,
1613 1939 1679 1972 125
1702 1937 1737 1972 ff.
1770 1948 1802 1972 u.
1827 1937 2020 1972 Wattcrich

483 1995 514 2019 a.
540 1995 570 2018 a.
597 1983 637 2019 Ο.
663 1984 710 2023 II,
737 1986 804 2018 483
828 1984 890 2027 ff.)‚
927 1984 1017 2017 nach
1041 1984 1151 2018 eincm
1175 1984 1287 2019 Codex
1312 1983 1537 2019 Cottonianus
1563 1984 1644 2018 aber
1666 1983 1801 2026 Brown,
1842 1983 1874 2018 A
1897 1983 2023 2028 pendix

483 2030 528 2064 ad
563 2030 764 2064 fasciculum
799 2040 912 2064 rerum
948 2030 1214 2075 expetendarum
1246 2032 1282 2065 et
1311 2029 1554 2074 fugiendarum
1577 2030 1624 2073 Π,
1665 2031 1732 2064 552
1756 2029 1791 2064 ff.
1829 2040 1876 2074 pu
1899 2029 2022 2065 liziert.

482 2076 544 2110 Ich
570 2076 658 2110 habe
681 2076 736 2110 fiir
761 2076 816 2110 die
840 2075 869 2109 E
893 2075 997 2110 istola
1021 2077 1130 2110 maior
1161 2077 1215 2111 die
1249 2078 1444 2121 genannten
1475 2075 1642 2111 editiones
1675 2075 1846 2120 principes
1877 2076 2024 2111 meinem

483 2122 588 2156 Texte
613 2134 654 2156 zu
677 2122 809 2166 grunde
832 2087 958 2166 gelegt.
994 2116 1089 2157 Uber
1112 2123 1167 2157 die
1184 2123 1330 2157 Paveser
1345 2122 1480 2166 Synodc
1503 2122 1672 2157 handeln:
1696 2121 1826 2156 Reuter
1849 2132 1880 2158 a.
1895 2133 1926 2158 a.
1940 2121 1980 2157 Ο.
1993 2122 2023 2165 Ι,

484 2170 540 2212 82,
569 2171 762 2210 111—133,
791 2170 993 2210 502—5163
1019 2168 1186 2203 Tourtual
1211 2180 1242 2204 a.
1257 2180 1287 2204 a.
1303 2168 1342 2204 Ο.
1369 2168 1402 2204 S.
1422 2170 1488 2203 220
1512 2168 1568 2211 ff.;
1594 2167 1764 2210 Schmidt,
1787 2166 1854 2202 Die
1866 2167 2025 2212 Stellung

486 2214 547 2249 der
571 2214 790 2249 Erzbischofe
814 2226 847 2249 u.
873 2214 933 2248 des
957 2214 1120 2249 Erzstifts
1145 2227 1174 2250 v.
1193 2215 1360 2259 Salzburg
1385 2226 1426 2249 zu
1450 2214 1576 2249 Kirche
1602 2226 1633 2250 u.
1658 2213 1767 2249 Reich
1790 2215 1892 2248 anter
1902 2214 2026 2249 Kaiser

484 2261 660 2294 Friedrich
672 2261 712 2302 L,
737 2260 840 2296 Arch.
866 2261 889 2296 f.
914 2263 978 2295 ost.
998 2259 1122 2296 Gesch.
1138 2261 1298 2303 XXXIV,
1328 2264 1370 2296 18
1384 2263 1482 2304 -243
1506 2261 1610 2295 Prutz
1625 2272 1657 2296 a.
1672 2271 1702 2295 a.
1718 2258 1758 2295 O.
1772 2259 1801 2302 I,
1826 2261 2024 2302 226—231,

485 2310 667 2348 238—493
692 2307 854 2351 Wagner,
877 2306 1056 2341 Eberhard
1072 2307 1118 2342 11.
1144 2307 1287 2341 Bischof
1308 2319 1338 2342 v.
1363 2307 1548 2351 Bamberg,
1573 2306 1607 2342 S.
1623 2308 1775 2348 59-633
1802 2304 2026 2342 Giesebrecht

484 2364 514 2388 a.
541 2364 571 2389 a.
597 2352 637 2387 O.
662 2353 704 2396 V,
729 2355 923 2394 235—237‚
949 2355 1128 2392 239—54:
1153 2353 1298 2387 Nitzsch
1323 2364 1353 2388 a.
1372 2364 1402 2388 a.
1417 2352 1456 2388 Ο.
1482 2353 1528 2396 11,
1555 2355 1621 2388 264
1646 2353 1689 2395 f.;
1729 2351 2026 2398 Hefele-Knopfler

486 2411 516 2434 a.
531 2410 561 2434 a.
576 2398 616 2434 O.
633 2399 675 2441 V,
690 2401 884 2434 579—593.
910 2394 1004 2434 Uber
1028 2399 1090 2433 das
1114 2399 1314 2433 Verhaltnis
1339 2399 1399 2433 der
1422 2399 1545 2434 beiden
1569 2399 1770 2443 Fassungen
1794 2397 1855 2432 der
1869 2398 2027 2444 Epistola

487 2445 630 2480 Concilii
643 2445 710 2489 vgl.
725 2445 848 2479 Moritz
863 2445 990 2490 Meyer,
1015 2445 1080 2479 Die
1092 2445 1198 2479 Wahl
1211 2445 1422 2479 Alexanders
1435 2445 1500 2480 ΠΙ.
1526 2457 1558 2480 u.
1583 2445 1725 2480 Viktors
1737 2443 1787 2478 IV
1789 2471 1797 2479 .
1823 2443 1856 2480 S.
1869 2447 2024 2487 36-493

486 2492 571 2525 iiber
596 2491 658 2525 das
681 2491 881 2526 Verhaltnis
906 2492 966 2526 der
988 2491 1147 2536 Epistola
1170 2491 1278 2524 maior
1307 2502 1346 2525 zu
1375 2491 1451 2525 dem
1475 2492 1530 2526 bei
1555 2489 1751 2526 Sudendorf
1770 2489 1972 2535 Registrum
1995 2490 2024 2534 Ι,

486 2548 537 2573 nr.
564 2540 620 2580 23,
657 2537 690 2572 S.
716 2540 760 2572 62
785 2538 819 2572 ff.
853 2537 1083 2572 befindlichen
1106 2537 1435 2580 fiagmentarischen
1460 2537 1645 2572 Tractatus
1680 2537 1722 2572 de
1746 2535 1933 2572 schismate
1955 2537 2025 2582 vgl.

487 2583 652 2626 Ribbeck,
677 2583 747 2618 Der
771 2583 919 2618 'Praktat
942 2585 1026 2618 iiber
1051 2583 1106 2617 die
1130 2583 1329 2628 Papstwahl
1354 2583 1386 2618 d.
1401 2583 1434 2618 J.
1455 2586 1554 2626 1159,
1579 2583 1718 2619 Forsch.
1743 2594 1771 2617 z.
1797 2583 1830 2619 d.
1850 2582 1892 2619 G.
1917 2583 2025 2626 XXV,

486 2633 554 2664 354
573 2651 588 2654 ‡-
603 2633 681 2665 364.
729 2629 886 2672 Wacker,
911 2630 981 2664 Der
1003 2629 1194 2672 Reichstag
1217 2640 1247 2664 a.
1264 2640 1293 2664 a.
1309 2628 1349 2664 Ο.
1375 2629 1408 2664 S.
1427 2632 1448 2663 6
1472 2630 1594 2664 betont
1618 2629 1684 2664 den
1707 2629 1761 2663 Do
1786 2629 2027 2674 pelcharakter

489 2676 548 2710 der
572 2676 836 2719 Versammlung
869 2676 920 2710 als
944 2675 1134 2719 Reichstag
1157 2686 1189 2709 u.
1215 2675 1337 2709 Kouzil
1372 2676 1502 2718 (besser
1527 2675 1709 2720 Synodel).
1813 2686 1850 2710 er
1874 2675 1930 2710 die
1951 2674 2027 2710 rein

488 2722 676 2756 kirchliche
701 2722 973 2766 Angelegenheit
996 2722 1108 2756 haben
1129 2721 1254 2765 jedoch
1278 2732 1343 2755 nur
1367 2721 1422 2755 die
1445 2721 1651 2765 geistlichen
1676 2721 1948 2766 Wiirdentrfiger
1970 2721 2027 2755 be-

489 2770 601 2810 raten3
628 2767 805 2802 Friedrich
829 2768 893 2802 hat
917 2779 1006 2802 zwar
1031 2767 1086 2802 die
1110 2770 1200 2802 erste
1214 2767 1358 2811 Sitzung
1381 2767 1534 2811 eroffnet,
1563 2768 1628 2802 den
1641 2767 1932 2811 Verhandlungen
1945 2767 2028 2801 aber

489 2814 587 2848 nicht
605 2814 821 2858 angewohnt.
