<?xml version="1.0" encoding="UTF-8"?>
<!DOCTYPE html PUBLIC "-//W3C//DTD XHTML 1.0 Transitional//EN"
    "http://www.w3.org/TR/xhtml1/DTD/xhtml1-transitional.dtd">
<html xmlns="http://www.w3.org/1999/xhtml" xml:lang="en" lang="en">
 <head>
  <title>
</title>
<meta http-equiv="Content-Type" content="text/html;charset=utf-8" />
  <meta name='ocr-system' content='tesseract 3.04.00' />
  <meta name='ocr-capabilities' content='ocr_page ocr_carea ocr_par ocr_line ocrx_word'/>
</head>
<body>
  <div class='ocr_page' id='page_1' title='image "./monumentagermani04doebuoft_0160.png"; bbox 0 0 2098 3432; ppageno 0'>
   <div class='ocr_carea' id='block_1_1' title="bbox 425 310 503 348">
    <p class='ocr_par' dir='ltr' id='par_1_1' title="bbox 425 310 503 348">
     <span class='ocr_line' id='line_1_1' title="bbox 425 310 503 348; baseline 0 0"><span class='ocrx_word' id='word_1_1' title='bbox 425 310 503 348; x_wconf 88' lang='grc'>146</span> 
     </span>
    </p>
   </div>
   <div class='ocr_carea' id='block_1_2' title="bbox 408 420 1954 2436">
    <p class='ocr_par' dir='ltr' id='par_1_2' title="bbox 418 420 1954 572">
     <span class='ocr_line' id='line_1_2' title="bbox 418 420 1954 478; baseline 0.005 -19"><span class='ocrx_word' id='word_1_2' title='bbox 418 420 494 460; x_wconf 86' lang='lat' dir='ltr'>dus</span> <span class='ocrx_word' id='word_1_3' title='bbox 526 420 717 460; x_wconf 88' lang='lat' dir='ltr'>diaconus</span> <span class='ocrx_word' id='word_1_4' title='bbox 748 420 962 461; x_wconf 89' lang='lat' dir='ltr'>cardinalis</span> <span class='ocrx_word' id='word_1_5' title='bbox 994 421 1165 462; x_wconf 77' lang='lat' dir='ltr'>Sanctae</span> <span class='ocrx_word' id='word_1_6' title='bbox 1181 422 1374 475; x_wconf 72' lang='lat' dir='ltr'>Mariaefl)</span> <span class='ocrx_word' id='word_1_7' title='bbox 1395 423 1436 463; x_wconf 91' lang='lat' dir='ltr'>in</span> <span class='ocrx_word' id='word_1_8' title='bbox 1465 422 1542 464; x_wconf 90' lang='lat' dir='ltr'>Via</span> <span class='ocrx_word' id='word_1_9' title='bbox 1570 423 1654 464; x_wconf 71' lang='lat' dir='ltr'>lat-a</span> <span class='ocrx_word' id='word_1_10' title='bbox 1683 425 1724 464; x_wconf 90' lang='lat' dir='ltr'>et</span> <span class='ocrx_word' id='word_1_11' title='bbox 1754 424 1808 477; x_wconf 79' lang='lat' dir='ltr'>Sy</span> <span class='ocrx_word' id='word_1_12' title='bbox 1824 425 1954 478; x_wconf 88' lang='lat' dir='ltr'>(mon)</span> 
     </span>
     <span class='ocr_line' id='line_1_3' title="bbox 418 475 1952 533; baseline 0.005 -18"><span class='ocrx_word' id='word_1_13' title='bbox 418 475 590 516; x_wconf 79' lang='lat' dir='ltr'>Sanctae</span> <span class='ocrx_word' id='word_1_14' title='bbox 619 476 771 516; x_wconf 90' lang='lat' dir='ltr'>Mariae</span> <span class='ocrx_word' id='word_1_15' title='bbox 801 476 842 516; x_wconf 92' lang='lat' dir='ltr'>in</span> <span class='ocrx_word' id='word_1_16' title='bbox 874 477 1099 530; x_wconf 90' lang='lat' dir='ltr'>Dompnica</span> <span class='ocrx_word' id='word_1_17' title='bbox 1138 480 1179 518; x_wconf 91' lang='lat' dir='ltr'>et</span> <span class='ocrx_word' id='word_1_18' title='bbox 1209 478 1408 519; x_wconf 90' lang='lat' dir='ltr'>Sublacus</span> <span class='ocrx_word' id='word_1_19' title='bbox 1445 479 1585 528; x_wconf 90' lang='lat' dir='ltr'>abbas,</span> <span class='ocrx_word' id='word_1_20' title='bbox 1625 484 1865 533; x_wconf 90' lang='lat' dir='ltr'>perpetuam</span> <span class='ocrx_word' id='word_1_21' title='bbox 1911 481 1952 522; x_wconf 93' lang='lat' dir='ltr'>in</span> 
     </span>
     <span class='ocr_line' id='line_1_4' title="bbox 419 531 807 572; baseline 0 -1"><span class='ocrx_word' id='word_1_22' title='bbox 419 531 591 572; x_wconf 90' lang='lat' dir='ltr'>Domino</span> <span class='ocrx_word' id='word_1_23' title='bbox 622 532 807 572; x_wconf 89' lang='lat' dir='ltr'>salntem.</span> 
     </span>
    </p>

    <p class='ocr_par' dir='ltr' id='par_1_3' title="bbox 408 588 1954 1930">
     <span class='ocr_line' id='line_1_5' title="bbox 527 588 1953 644; baseline 0.004 -17"><span class='ocrx_word' id='word_1_24' title='bbox 527 588 587 627; x_wconf 84' lang='lat' dir='ltr'>Ex</span> <span class='ocrx_word' id='word_1_25' title='bbox 618 600 696 639; x_wconf 89' lang='lat' dir='ltr'>quo</span> <span class='ocrx_word' id='word_1_26' title='bbox 726 591 865 628; x_wconf 90' lang='lat' dir='ltr'>contra</span> <span class='ocrx_word' id='word_1_27' title='bbox 900 589 1093 630; x_wconf 82' lang='lat' dir='ltr'>honorem</span> <span class='ocrx_word' id='word_1_28' title='bbox 1132 590 1346 630; x_wconf 78' lang='lat' dir='ltr'>aecclesiae</span> <span class='ocrx_word' id='word_1_29' title='bbox 1383 590 1459 631; x_wconf 89' lang='lat' dir='ltr'>Dei</span> <span class='ocrx_word' id='word_1_30' title='bbox 1499 593 1540 631; x_wconf 90' lang='lat' dir='ltr'>et</span> <span class='ocrx_word' id='word_1_31' title='bbox 1581 591 1736 644; x_wconf 90' lang='lat' dir='ltr'>imperii</span> <span class='ocrx_word' id='word_1_32' title='bbox 1775 592 1953 633; x_wconf 88' lang='lat' dir='ltr'>amicitia</span> 
     </span>
     <span class='ocr_line' id='line_1_6' title="bbox 414 643 1952 701; baseline 0.004 -19"><span class='ocrx_word' id='word_1_33' title='bbox 414 643 520 683; x_wconf 86' lang='lat' dir='ltr'>inter</span> <span class='ocrx_word' id='word_1_34' title='bbox 562 643 758 684; x_wconf 91' lang='lat' dir='ltr'>domnum</span> <span class='ocrx_word' id='word_1_35' title='bbox 795 656 943 697; x_wconf 89' lang='lat' dir='ltr'>papam</span> <span class='ocrx_word' id='word_1_36' title='bbox 982 645 1207 686; x_wconf 81' lang='lat' dir='ltr'>Adrianum</span> <span class='ocrx_word' id='word_1_37' title='bbox 1246 647 1286 686; x_wconf 91' lang='lat' dir='ltr'>et</span> <span class='ocrx_word' id='word_1_38' title='bbox 1314 646 1581 687; x_wconf 89' lang='lat' dir='ltr'>Wilhehnum</span> <span class='ocrx_word' id='word_1_39' title='bbox 1621 646 1804 688; x_wconf 87' lang='lat' dir='ltr'>Siculum</span> <span class='ocrx_word' id='word_1_40' title='bbox 1844 648 1952 701; x_wconf 89' lang='lat' dir='ltr'>apud</span> 
     </span>
     <span class='ocr_line' id='line_1_7' title="bbox 416 699 1954 750; baseline 0.004 -12"><span class='ocrx_word' id='word_1_41' title='bbox 416 699 697 740; x_wconf 89' lang='lat' dir='ltr'>Beneventum</span> <span class='ocrx_word' id='word_1_42' title='bbox 734 699 842 740; x_wconf 87' lang='lat' dir='ltr'>facta</span> <span class='ocrx_word' id='word_1_43' title='bbox 881 702 959 750; x_wconf 84' lang='lat' dir='ltr'>est,</span> <span class='ocrx_word' id='word_1_44' title='bbox 997 701 1192 742; x_wconf 84' lang='lat' dir='ltr'>dissensio</span> <span class='ocrx_word' id='word_1_45' title='bbox 1233 703 1273 742; x_wconf 92' lang='lat' dir='ltr'>et</span> <span class='ocrx_word' id='word_1_46' title='bbox 1307 701 1503 743; x_wconf 83' lang='lat' dir='ltr'>discordia</span> <span class='ocrx_word' id='word_1_47' title='bbox 1541 715 1622 743; x_wconf 93' lang='lat' dir='ltr'>non</span> <span class='ocrx_word' id='word_1_48' title='bbox 1655 703 1814 744; x_wconf 89' lang='lat' dir='ltr'>modica</span> <span class='ocrx_word' id='word_1_49' title='bbox 1847 703 1954 745; x_wconf 88' lang='lat' dir='ltr'>inter</span> 
     </span>
     <span class='ocr_line' id='line_1_8' title="bbox 415 755 1953 800; baseline 0.004 -6"><span class='ocrx_word' id='word_1_50' title='bbox 415 755 638 795; x_wconf 87' lang='lat' dir='ltr'>cardinales</span> <span class='ocrx_word' id='word_1_51' title='bbox 660 760 936 796; x_wconf 82' lang='lat' dir='ltr'>sacrosanctae</span> <span class='ocrx_word' id='word_1_52' title='bbox 957 757 1163 797; x_wconf 85' lang='lat' dir='ltr'>Romanae</span> <span class='ocrx_word' id='word_1_53' title='bbox 1195 758 1408 798; x_wconf 89' lang='lat' dir='ltr'>aecclesiae</span> <span class='ocrx_word' id='word_1_54' title='bbox 1437 771 1517 799; x_wconf 92' lang='lat' dir='ltr'>non</span> <span class='ocrx_word' id='word_1_55' title='bbox 1547 759 1632 799; x_wconf 88' lang='lat' dir='ltr'>sine</span> <span class='ocrx_word' id='word_1_56' title='bbox 1662 771 1785 800; x_wconf 90' lang='lat' dir='ltr'>causa</span> <span class='ocrx_word' id='word_1_57' title='bbox 1814 760 1953 800; x_wconf 88' lang='lat' dir='ltr'>oborta</span> 
     </span>
     <span class='ocr_line' id='line_1_9' title="bbox 415 811 1952 865; baseline 0.004 -15"><span class='ocrx_word' id='word_1_58' title='bbox 415 812 486 859; x_wconf 90' lang='lat' dir='ltr'>est,</span> <span class='ocrx_word' id='word_1_59' title='bbox 506 812 621 851; x_wconf 89' lang='lat' dir='ltr'>nobis</span> <span class='ocrx_word' id='word_1_60' title='bbox 644 811 804 860; x_wconf 88' lang='lat' dir='ltr'>scilicet,</span> <span class='ocrx_word' id='word_1_61' title='bbox 834 812 902 864; x_wconf 90' lang='lat' dir='ltr'>qui</span> <span class='ocrx_word' id='word_1_62' title='bbox 925 813 1117 853; x_wconf 89' lang='lat' dir='ltr'>honorem</span> <span class='ocrx_word' id='word_1_63' title='bbox 1139 814 1179 853; x_wconf 91' lang='lat' dir='ltr'>et</span> <span class='ocrx_word' id='word_1_64' title='bbox 1199 813 1439 865; x_wconf 86' lang='lat' dir='ltr'>dignitatem</span> <span class='ocrx_word' id='word_1_65' title='bbox 1460 818 1621 855; x_wconf 87' lang='lat' dir='ltr'>sanctae</span> <span class='ocrx_word' id='word_1_66' title='bbox 1641 814 1717 855; x_wconf 92' lang='lat' dir='ltr'>Dei</span> <span class='ocrx_word' id='word_1_67' title='bbox 1739 815 1952 856; x_wconf 84' lang='lat' dir='ltr'>aecclesiae</span> 
     </span>
     <span class='ocr_line' id='line_1_10' title="bbox 414 867 1953 923; baseline 0.004 -17"><span class='ocrx_word' id='word_1_68' title='bbox 414 868 454 906; x_wconf 89' lang='lat' dir='ltr'>et</span> <span class='ocrx_word' id='word_1_69' title='bbox 491 867 649 919; x_wconf 90' lang='lat' dir='ltr'>imperii</span> <span class='ocrx_word' id='word_1_70' title='bbox 686 867 920 908; x_wconf 89' lang='lat' dir='ltr'>nullatenus</span> <span class='ocrx_word' id='word_1_71' title='bbox 961 868 1130 909; x_wconf 90' lang='lat' dir='ltr'>diminui</span> <span class='ocrx_word' id='word_1_72' title='bbox 1168 869 1421 918; x_wconf 89' lang='lat' dir='ltr'>volebamus,</span> <span class='ocrx_word' id='word_1_73' title='bbox 1459 870 1674 919; x_wconf 82' lang='lat' dir='ltr'>amicitiae,</span> <span class='ocrx_word' id='word_1_74' title='bbox 1713 883 1817 923; x_wconf 89' lang='lat' dir='ltr'>quae</span> <span class='ocrx_word' id='word_1_75' title='bbox 1845 870 1953 912; x_wconf 88' lang='lat' dir='ltr'>facta</span> 
     </span>
     <span class='ocr_line' id='line_1_11' title="bbox 414 921 1954 978; baseline 0.004 -16"><span class='ocrx_word' id='word_1_76' title='bbox 414 921 547 962; x_wconf 89' lang='lat' dir='ltr'>fuerat</span> <span class='ocrx_word' id='word_1_77' title='bbox 576 923 618 963; x_wconf 90' lang='lat' dir='ltr'>in</span> <span class='ocrx_word' id='word_1_78' title='bbox 649 923 939 964; x_wconf 87' lang='lat' dir='ltr'>detrimentum</span> <span class='ocrx_word' id='word_1_79' title='bbox 971 925 1185 966; x_wconf 84' lang='lat' dir='ltr'>aecclesiae</span> <span class='ocrx_word' id='word_1_80' title='bbox 1216 926 1257 965; x_wconf 90' lang='lat' dir='ltr'>et</span> <span class='ocrx_word' id='word_1_81' title='bbox 1285 925 1461 978; x_wconf 89' lang='lat' dir='ltr'>imperii,</span> <span class='ocrx_word' id='word_1_82' title='bbox 1498 938 1757 978; x_wconf 88' lang='lat' dir='ltr'>nequaquam</span> <span class='ocrx_word' id='word_1_83' title='bbox 1787 939 1954 968; x_wconf 86' lang='lat' dir='ltr'>consen-</span> 
     </span>
     <span class='ocr_line' id='line_1_12' title="bbox 412 978 1952 1034; baseline 0.004 -16"><span class='ocrx_word' id='word_1_84' title='bbox 412 978 619 1027; x_wconf 88' lang='lat' dir='ltr'>tientibus,</span> <span class='ocrx_word' id='word_1_85' title='bbox 650 979 737 1020; x_wconf 87' lang='lat' dir='ltr'>aliis</span> <span class='ocrx_word' id='word_1_86' title='bbox 758 992 862 1029; x_wconf 87' lang='lat' dir='ltr'>vero,</span> <span class='ocrx_word' id='word_1_87' title='bbox 893 981 973 1032; x_wconf 87' lang='lat' dir='ltr'>qui,</span> <span class='ocrx_word' id='word_1_88' title='bbox 1002 981 1173 1033; x_wconf 87' lang='lat' dir='ltr'>pecunia</span> <span class='ocrx_word' id='word_1_89' title='bbox 1193 982 1233 1021; x_wconf 91' lang='lat' dir='ltr'>et</span> <span class='ocrx_word' id='word_1_90' title='bbox 1251 981 1392 1022; x_wconf 90' lang='lat' dir='ltr'>multis</span> <span class='ocrx_word' id='word_1_91' title='bbox 1414 982 1744 1034; x_wconf 86' lang='lat' dir='ltr'>promissionibus</span> <span class='ocrx_word' id='word_1_92' title='bbox 1765 983 1952 1032; x_wconf 86' lang='lat' dir='ltr'>obcecati,</span> 
     </span>
     <span class='ocr_line' id='line_1_13' title="bbox 412 1034 1953 1091; baseline 0.003 -17"><span class='ocrx_word' id='word_1_93' title='bbox 412 1034 494 1074; x_wconf 90' lang='lat' dir='ltr'>iam</span> <span class='ocrx_word' id='word_1_94' title='bbox 530 1035 634 1076; x_wconf 88' lang='lat' dir='ltr'>dicto</span> <span class='ocrx_word' id='word_1_95' title='bbox 667 1035 800 1076; x_wconf 89' lang='lat' dir='ltr'>Siculo</span> <span class='ocrx_word' id='word_1_96' title='bbox 840 1037 1083 1077; x_wconf 88' lang='lat' dir='ltr'>tenebantur</span> <span class='ocrx_word' id='word_1_97' title='bbox 1113 1037 1285 1086; x_wconf 84' lang='lat' dir='ltr'>astricti,</span> <span class='ocrx_word' id='word_1_98' title='bbox 1322 1038 1627 1079; x_wconf 88' lang='lat' dir='ltr'>conventionem</span> <span class='ocrx_word' id='word_1_99' title='bbox 1656 1038 1787 1091; x_wconf 87' lang='lat' dir='ltr'>ipsam</span> <span class='ocrx_word' id='word_1_100' title='bbox 1816 1039 1953 1080; x_wconf 88' lang='lat' dir='ltr'>taliter</span> 
     </span>
     <span class='ocr_line' id='line_1_14' title="bbox 414 1090 1950 1147; baseline 0.003 -17"><span class='ocrx_word' id='word_1_101' title='bbox 414 1092 459 1130; x_wconf 85' lang='lat' dir='ltr'>ut</span> <span class='ocrx_word' id='word_1_102' title='bbox 495 1090 669 1132; x_wconf 87' lang='lat' dir='ltr'>diximus</span> <span class='ocrx_word' id='word_1_103' title='bbox 699 1091 934 1132; x_wconf 85' lang='lat' dir='ltr'>fabricatam</span> <span class='ocrx_word' id='word_1_104' title='bbox 965 1094 1151 1145; x_wconf 88' lang='lat' dir='ltr'>nequiter</span> <span class='ocrx_word' id='word_1_105' title='bbox 1181 1093 1489 1134; x_wconf 86' lang='lat' dir='ltr'>defendentibus</span> <span class='ocrx_word' id='word_1_106' title='bbox 1520 1096 1561 1134; x_wconf 93' lang='lat' dir='ltr'>et</span> <span class='ocrx_word' id='word_1_107' title='bbox 1591 1106 1714 1146; x_wconf 89' lang='lat' dir='ltr'>quam</span> <span class='ocrx_word' id='word_1_108' title='bbox 1742 1095 1880 1147; x_wconf 88' lang='lat' dir='ltr'>plures</span> <span class='ocrx_word' id='word_1_109' title='bbox 1908 1095 1950 1135; x_wconf 92' lang='lat' dir='ltr'>in</span> 
     </span>
     <span class='ocr_line' id='line_1_15' title="bbox 411 1148 1951 1199; baseline 0.004 -13"><span class='ocrx_word' id='word_1_110' title='bbox 411 1148 569 1199; x_wconf 90' lang='lat' dir='ltr'>partem</span> <span class='ocrx_word' id='word_1_111' title='bbox 590 1148 652 1187; x_wconf 92' lang='lat' dir='ltr'>sui</span> <span class='ocrx_word' id='word_1_112' title='bbox 684 1149 827 1189; x_wconf 92' lang='lat' dir='ltr'>erroris</span> <span class='ocrx_word' id='word_1_113' title='bbox 859 1148 1167 1198; x_wconf 89' lang='lat' dir='ltr'>attrahentibus‚</span> <span class='ocrx_word' id='word_1_114' title='bbox 1197 1151 1335 1191; x_wconf 90' lang='lat' dir='ltr'>nostro</span> <span class='ocrx_word' id='word_1_115' title='bbox 1366 1150 1526 1190; x_wconf 90' lang='lat' dir='ltr'>conatui</span> <span class='ocrx_word' id='word_1_116' title='bbox 1557 1153 1598 1190; x_wconf 90' lang='lat' dir='ltr'>et</span> <span class='ocrx_word' id='word_1_117' title='bbox 1626 1151 1824 1191; x_wconf 85' lang='lat' dir='ltr'>voluntati</span> <span class='ocrx_word' id='word_1_118' title='bbox 1855 1151 1951 1192; x_wconf 88' lang='lat' dir='ltr'>totis</span> 
     </span>
     <span class='ocr_line' id='line_1_16' title="bbox 411 1199 1951 1260; baseline 0.003 -18"><span class='ocrx_word' id='word_1_119' title='bbox 411 1203 565 1243; x_wconf 89' lang='lat' dir='ltr'>viribus</span> <span class='ocrx_word' id='word_1_120' title='bbox 586 1199 843 1256; x_wconf 66' lang='lat' dir='ltr'>pertinaciter</span> <span class='ocrx_word' id='word_1_121' title='bbox 862 1205 1155 1245; x_wconf 85' lang='lat' dir='ltr'>resistentibus.</span> <span class='ocrx_word' id='word_1_122' title='bbox 1203 1205 1376 1246; x_wconf 90' lang='lat' dir='ltr'>Proinde</span> <span class='ocrx_word' id='word_1_123' title='bbox 1396 1205 1636 1258; x_wconf 89' lang='lat' dir='ltr'>procedente</span> <span class='ocrx_word' id='word_1_124' title='bbox 1656 1207 1837 1260; x_wconf 89' lang='lat' dir='ltr'>tempore</span> <span class='ocrx_word' id='word_1_125' title='bbox 1857 1219 1951 1248; x_wconf 89' lang='lat' dir='ltr'>cum</span> 
     </span>
     <span class='ocr_line' id='line_1_17' title="bbox 410 1258 1951 1315; baseline 0.003 -17"><span class='ocrx_word' id='word_1_126' title='bbox 410 1258 492 1298; x_wconf 89' lang='lat' dir='ltr'>iam</span> <span class='ocrx_word' id='word_1_127' title='bbox 522 1259 631 1299; x_wconf 90' lang='lat' dir='ltr'>fama</span> <span class='ocrx_word' id='word_1_128' title='bbox 660 1259 802 1309; x_wconf 89' lang='lat' dir='ltr'>ferret,</span> <span class='ocrx_word' id='word_1_129' title='bbox 840 1260 1126 1314; x_wconf 89' lang='lat' dir='ltr'>imperatorem</span> <span class='ocrx_word' id='word_1_130' title='bbox 1154 1261 1318 1301; x_wconf 90' lang='lat' dir='ltr'>Italiam</span> <span class='ocrx_word' id='word_1_131' title='bbox 1347 1262 1519 1302; x_wconf 89' lang='lat' dir='ltr'>intrasse</span> <span class='ocrx_word' id='word_1_132' title='bbox 1550 1263 1590 1303; x_wconf 91' lang='lat' dir='ltr'>et</span> <span class='ocrx_word' id='word_1_133' title='bbox 1617 1262 1836 1315; x_wconf 86' lang='lat' dir='ltr'>plurimam</span> <span class='ocrx_word' id='word_1_134' title='bbox 1865 1262 1951 1303; x_wconf 90' lang='lat' dir='ltr'>eius</span> 
     </span>
     <span class='ocr_line' id='line_1_18' title="bbox 410 1316 1951 1370; baseline 0.003 -16"><span class='ocrx_word' id='word_1_135' title='bbox 410 1316 568 1367; x_wconf 89' lang='lat' dir='ltr'>partem</span> <span class='ocrx_word' id='word_1_136' title='bbox 606 1328 702 1356; x_wconf 87' lang='lat' dir='ltr'>suae</span> <span class='ocrx_word' id='word_1_137' title='bbox 740 1316 933 1368; x_wconf 87' lang='lat' dir='ltr'>potestati</span> <span class='ocrx_word' id='word_1_138' title='bbox 963 1317 1219 1369; x_wconf 85' lang='lat' dir='ltr'>subiugasse,</span> <span class='ocrx_word' id='word_1_139' title='bbox 1258 1317 1428 1370; x_wconf 84' lang='lat' dir='ltr'>predicti</span> <span class='ocrx_word' id='word_1_140' title='bbox 1458 1317 1602 1358; x_wconf 85' lang='lat' dir='ltr'>fratres</span> <span class='ocrx_word' id='word_1_141' title='bbox 1634 1317 1768 1359; x_wconf 89' lang='lat' dir='ltr'>Siculo</span> <span class='ocrx_word' id='word_1_142' title='bbox 1799 1318 1951 1360; x_wconf 85' lang='lat' dir='ltr'>astricti</span> 
     </span>
     <span class='ocr_line' id='line_1_19' title="bbox 411 1370 1952 1426; baseline 0.003 -16"><span class='ocrx_word' id='word_1_143' title='bbox 411 1370 606 1411; x_wconf 89' lang='lat' dir='ltr'>domnum</span> <span class='ocrx_word' id='word_1_144' title='bbox 643 1384 791 1424; x_wconf 86' lang='lat' dir='ltr'>papam</span> <span class='ocrx_word' id='word_1_145' title='bbox 831 1373 1044 1414; x_wconf 88' lang='lat' dir='ltr'>sollicitare</span> <span class='ocrx_word' id='word_1_146' title='bbox 1085 1385 1131 1413; x_wconf 91' lang='lat' dir='ltr'>ac</span> <span class='ocrx_word' id='word_1_147' title='bbox 1160 1373 1446 1414; x_wconf 89' lang='lat' dir='ltr'>circumvenire</span> <span class='ocrx_word' id='word_1_148' title='bbox 1475 1374 1584 1414; x_wconf 91' lang='lat' dir='ltr'>omni</span> <span class='ocrx_word' id='word_1_149' title='bbox 1615 1374 1835 1426; x_wconf 87' lang='lat' dir='ltr'>sagacitate</span> <span class='ocrx_word' id='word_1_150' title='bbox 1864 1387 1952 1415; x_wconf 91' lang='lat' dir='ltr'>coe-</span> 
     </span>
     <span class='ocr_line' id='line_1_20' title="bbox 410 1428 1953 1484; baseline 0.003 -18"><span class='ocrx_word' id='word_1_151' title='bbox 410 1429 568 1479; x_wconf 90' lang='lat' dir='ltr'>perunt,</span> <span class='ocrx_word' id='word_1_152' title='bbox 600 1428 783 1479; x_wconf 87' lang='lat' dir='ltr'>qualiter,</span> <span class='ocrx_word' id='word_1_153' title='bbox 815 1428 953 1480; x_wconf 88' lang='lat' dir='ltr'>aliqua</span> <span class='ocrx_word' id='word_1_154' title='bbox 973 1429 1178 1470; x_wconf 86' lang='lat' dir='ltr'>occasione</span> <span class='ocrx_word' id='word_1_155' title='bbox 1209 1430 1429 1482; x_wconf 88' lang='lat' dir='ltr'>assumpta,</span> <span class='ocrx_word' id='word_1_156' title='bbox 1462 1429 1636 1471; x_wconf 89' lang='lat' dir='ltr'>domnus</span> <span class='ocrx_word' id='word_1_157' title='bbox 1666 1430 1885 1484; x_wconf 87' lang='lat' dir='ltr'>imperator</span> <span class='ocrx_word' id='word_1_158' title='bbox 1912 1431 1953 1471; x_wconf 86' lang='lat' dir='ltr'>et</span> 
     </span>
     <span class='ocr_line' id='line_1_21' title="bbox 410 1484 1950 1535; baseline 0.002 -12"><span class='ocrx_word' id='word_1_159' title='bbox 410 1495 550 1523; x_wconf 90' lang='lat' dir='ltr'>omnes</span> <span class='ocrx_word' id='word_1_160' title='bbox 572 1496 764 1535; x_wconf 90' lang='lat' dir='ltr'>sequaces</span> <span class='ocrx_word' id='word_1_161' title='bbox 796 1484 881 1525; x_wconf 90' lang='lat' dir='ltr'>eius</span> <span class='ocrx_word' id='word_1_162' title='bbox 919 1485 1320 1526; x_wconf 81' lang='lat' dir='ltr'>excommunicationi</span> <span class='ocrx_word' id='word_1_163' title='bbox 1351 1485 1621 1526; x_wconf 89' lang='lat' dir='ltr'>subderentur</span> <span class='ocrx_word' id='word_1_164' title='bbox 1660 1487 1700 1527; x_wconf 89' lang='lat' dir='ltr'>et</span> <span class='ocrx_word' id='word_1_165' title='bbox 1728 1499 1801 1528; x_wconf 86' lang='lat' dir='ltr'>nos</span> <span class='ocrx_word' id='word_1_166' title='bbox 1831 1486 1881 1527; x_wconf 86' lang='lat' dir='ltr'>ad</span> <span class='ocrx_word' id='word_1_167' title='bbox 1910 1486 1950 1527; x_wconf 92' lang='lat' dir='ltr'>id</span> 
     </span>
     <span class='ocr_line' id='line_1_22' title="bbox 410 1538 1951 1594; baseline 0.003 -16"><span class='ocrx_word' id='word_1_168' title='bbox 410 1538 639 1580; x_wconf 90' lang='lat' dir='ltr'>faciendum</span> <span class='ocrx_word' id='word_1_169' title='bbox 678 1552 761 1580; x_wconf 89' lang='lat' dir='ltr'>una</span> <span class='ocrx_word' id='word_1_170' title='bbox 800 1553 894 1581; x_wconf 92' lang='lat' dir='ltr'>cum</span> <span class='ocrx_word' id='word_1_171' title='bbox 930 1541 1015 1582; x_wconf 91' lang='lat' dir='ltr'>eius</span> <span class='ocrx_word' id='word_1_172' title='bbox 1058 1541 1284 1582; x_wconf 89' lang='lat' dir='ltr'>iuramento</span> <span class='ocrx_word' id='word_1_173' title='bbox 1315 1541 1641 1594; x_wconf 83' lang='lat' dir='ltr'>astringeremnr.</span> <span class='ocrx_word' id='word_1_174' title='bbox 1698 1542 1784 1583; x_wconf 91' lang='lat' dir='ltr'>Nos</span> <span class='ocrx_word' id='word_1_175' title='bbox 1814 1545 1951 1583; x_wconf 86' lang='lat' dir='ltr'>autem</span> 
     </span>
     <span class='ocr_line' id='line_1_23' title="bbox 410 1595 1952 1650; baseline 0.003 -16"><span class='ocrx_word' id='word_1_176' title='bbox 410 1597 573 1636; x_wconf 88' lang='lat' dir='ltr'>econtra</span> <span class='ocrx_word' id='word_1_177' title='bbox 611 1595 806 1645; x_wconf 83' lang='lat' dir='ltr'>diximus,</span> <span class='ocrx_word' id='word_1_178' title='bbox 841 1597 975 1649; x_wconf 89' lang='lat' dir='ltr'>potius</span> <span class='ocrx_word' id='word_1_179' title='bbox 1007 1597 1190 1638; x_wconf 90' lang='lat' dir='ltr'>Siculum</span> <span class='ocrx_word' id='word_1_180' title='bbox 1229 1597 1676 1647; x_wconf 89' lang='lat' dir='ltr'>excommunicandum,</span> <span class='ocrx_word' id='word_1_181' title='bbox 1717 1598 1787 1650; x_wconf 91' lang='lat' dir='ltr'>qui</span> <span class='ocrx_word' id='word_1_182' title='bbox 1816 1599 1952 1639; x_wconf 80' lang='lat' dir='ltr'>omnia</span> 
     </span>
     <span class='ocr_line' id='line_1_24' title="bbox 408 1651 1950 1706; baseline 0.003 -15"><span class='ocrx_word' id='word_1_183' title='bbox 408 1651 499 1691; x_wconf 88' lang='lat' dir='ltr'>iura</span> <span class='ocrx_word' id='word_1_184' title='bbox 520 1652 734 1693; x_wconf 88' lang='lat' dir='ltr'>aecclesiae</span> <span class='ocrx_word' id='word_1_185' title='bbox 754 1654 841 1692; x_wconf 90' lang='lat' dir='ltr'>tam</span> <span class='ocrx_word' id='word_1_186' title='bbox 861 1653 1057 1706; x_wconf 81' lang='lat' dir='ltr'>spiritalia</span> <span class='ocrx_word' id='word_1_187' title='bbox 1078 1665 1202 1705; x_wconf 88' lang='lat' dir='ltr'>quam</span> <span class='ocrx_word' id='word_1_188' title='bbox 1231 1653 1471 1706; x_wconf 89' lang='lat' dir='ltr'>temporalia</span> <span class='ocrx_word' id='word_1_189' title='bbox 1490 1653 1686 1695; x_wconf 88' lang='lat' dir='ltr'>violenter</span> <span class='ocrx_word' id='word_1_190' title='bbox 1717 1654 1950 1703; x_wconf 87' lang='lat' dir='ltr'>abstulerat,</span> 
     </span>
     <span class='ocr_line' id='line_1_25' title="bbox 412 1708 1951 1764; baseline 0.003 -17"><span class='ocrx_word' id='word_1_191' title='bbox 412 1720 536 1759; x_wconf 89' lang='lat' dir='ltr'>quam</span> <span class='ocrx_word' id='word_1_192' title='bbox 566 1708 868 1761; x_wconf 86' lang='lat' dir='ltr'>imperatorem,</span> <span class='ocrx_word' id='word_1_193' title='bbox 900 1709 969 1761; x_wconf 90' lang='lat' dir='ltr'>qui</span> <span class='ocrx_word' id='word_1_194' title='bbox 999 1709 1214 1750; x_wconf 89' lang='lat' dir='ltr'>aecclesiae</span> <span class='ocrx_word' id='word_1_195' title='bbox 1243 1709 1452 1750; x_wconf 84' lang='lat' dir='ltr'>Romanae</span> <span class='ocrx_word' id='word_1_196' title='bbox 1482 1711 1523 1750; x_wconf 90' lang='lat' dir='ltr'>et</span> <span class='ocrx_word' id='word_1_197' title='bbox 1551 1709 1707 1764; x_wconf 89' lang='lat' dir='ltr'>imperii</span> <span class='ocrx_word' id='word_1_198' title='bbox 1735 1710 1826 1751; x_wconf 90' lang='lat' dir='ltr'>iura</span> <span class='ocrx_word' id='word_1_199' title='bbox 1854 1710 1951 1751; x_wconf 89' lang='lat' dir='ltr'>fide-</span> 
     </span>
     <span class='ocr_line' id='line_1_26' title="bbox 412 1763 1950 1818; baseline 0.003 -15"><span class='ocrx_word' id='word_1_200' title='bbox 412 1763 504 1804; x_wconf 87' lang='lat' dir='ltr'>liter</span> <span class='ocrx_word' id='word_1_201' title='bbox 524 1764 733 1805; x_wconf 89' lang='lat' dir='ltr'>laborabat</span> <span class='ocrx_word' id='word_1_202' title='bbox 752 1777 990 1818; x_wconf 88' lang='lat' dir='ltr'>recuperare</span> <span class='ocrx_word' id='word_1_203' title='bbox 1011 1767 1052 1806; x_wconf 88' lang='lat' dir='ltr'>et</span> <span class='ocrx_word' id='word_1_204' title='bbox 1071 1765 1306 1806; x_wconf 86' lang='lat' dir='ltr'>aecclesiam</span> <span class='ocrx_word' id='word_1_205' title='bbox 1335 1765 1384 1806; x_wconf 90' lang='lat' dir='ltr'>de</span> <span class='ocrx_word' id='word_1_206' title='bbox 1415 1765 1610 1807; x_wconf 88' lang='lat' dir='ltr'>servitute</span> <span class='ocrx_word' id='word_1_207' title='bbox 1641 1765 1691 1807; x_wconf 88' lang='lat' dir='ltr'>ad</span> <span class='ocrx_word' id='word_1_208' title='bbox 1720 1765 1950 1808; x_wconf 86' lang='lat' dir='ltr'>libertatern</span> 
     </span>
     <span class='ocr_line' id='line_1_27' title="bbox 410 1819 1948 1871; baseline 0.002 -11"><span class='ocrx_word' id='word_1_209' title='bbox 410 1819 611 1860; x_wconf 83' lang='lat' dir='ltr'>reducere.</span> <span class='ocrx_word' id='word_1_210' title='bbox 657 1820 745 1862; x_wconf 88' lang='lat' dir='ltr'>Hoc</span> <span class='ocrx_word' id='word_1_211' title='bbox 765 1821 975 1862; x_wconf 89' lang='lat' dir='ltr'>audientes</span> <span class='ocrx_word' id='word_1_212' title='bbox 996 1821 1173 1862; x_wconf 88' lang='lat' dir='ltr'>fautores</span> <span class='ocrx_word' id='word_1_213' title='bbox 1196 1821 1331 1871; x_wconf 89' lang='lat' dir='ltr'>Siculi,</span> <span class='ocrx_word' id='word_1_214' title='bbox 1362 1834 1386 1862; x_wconf 91' lang='lat' dir='ltr'>a</span> <span class='ocrx_word' id='word_1_215' title='bbox 1415 1821 1496 1862; x_wconf 92' lang='lat' dir='ltr'>iam</span> <span class='ocrx_word' id='word_1_216' title='bbox 1526 1821 1633 1864; x_wconf 91' lang='lat' dir='ltr'>dicto</span> <span class='ocrx_word' id='word_1_217' title='bbox 1663 1822 1827 1864; x_wconf 89' lang='lat' dir='ltr'>consilio</span> <span class='ocrx_word' id='word_1_218' title='bbox 1857 1835 1948 1864; x_wconf 89' lang='lat' dir='ltr'>cum</span> 
     </span>
     <span class='ocr_line' id='line_1_28' title="bbox 410 1876 842 1930; baseline 0.002 -14"><span class='ocrx_word' id='word_1_219' title='bbox 410 1876 555 1916; x_wconf 87' lang='lat' dir='ltr'>rubore</span> <span class='ocrx_word' id='word_1_220' title='bbox 586 1876 842 1930; x_wconf 89' lang='lat' dir='ltr'>siluerunt.*)</span> 
     </span>
    </p>

    <p class='ocr_par' dir='ltr' id='par_1_4' title="bbox 410 1932 1951 2436">
     <span class='ocr_line' id='line_1_29' title="bbox 522 1932 1951 1987; baseline 0.002 -15"><span class='ocrx_word' id='word_1_221' title='bbox 522 1932 580 1973; x_wconf 89' lang='lat' dir='ltr'>Eo</span> <span class='ocrx_word' id='word_1_222' title='bbox 610 1932 734 1984; x_wconf 85' lang='lat' dir='ltr'>igitur</span> <span class='ocrx_word' id='word_1_223' title='bbox 772 1932 936 1974; x_wconf 90' lang='lat' dir='ltr'>consilio</span> <span class='ocrx_word' id='word_1_224' title='bbox 973 1934 1112 1975; x_wconf 88' lang='lat' dir='ltr'>nostro</span> <span class='ocrx_word' id='word_1_225' title='bbox 1147 1933 1280 1974; x_wconf 89' lang='lat' dir='ltr'>studio</span> <span class='ocrx_word' id='word_1_226' title='bbox 1322 1935 1363 1975; x_wconf 86' lang='lat' dir='ltr'>et</span> <span class='ocrx_word' id='word_1_227' title='bbox 1402 1935 1542 1975; x_wconf 86' lang='lat' dir='ltr'>exacta</span> <span class='ocrx_word' id='word_1_228' title='bbox 1578 1934 1787 1987; x_wconf 87' lang='lat' dir='ltr'>diligentia</span> <span class='ocrx_word' id='word_1_229' title='bbox 1814 1933 1951 1975; x_wconf 88' lang='lat' dir='ltr'>taliter</span> 
     </span>
     <span class='ocr_line' id='line_1_30' title="bbox 411 1989 1950 2040; baseline 0.001 -12"><span class='ocrx_word' id='word_1_230' title='bbox 411 1990 568 2029; x_wconf 88' lang='lat' dir='ltr'>cassato</span> <span class='ocrx_word' id='word_1_231' title='bbox 598 1990 638 2029; x_wconf 92' lang='lat' dir='ltr'>et</span> <span class='ocrx_word' id='word_1_232' title='bbox 668 1989 809 2030; x_wconf 85' lang='lat' dir='ltr'>exinde</span> <span class='ocrx_word' id='word_1_233' title='bbox 839 1989 1058 2030; x_wconf 86' lang='lat' dir='ltr'>venerabili</span> <span class='ocrx_word' id='word_1_234' title='bbox 1086 1989 1210 2030; x_wconf 88' lang='lat' dir='ltr'>fratre</span> <span class='ocrx_word' id='word_1_235' title='bbox 1239 1991 1377 2031; x_wconf 91' lang='lat' dir='ltr'>nostro</span> <span class='ocrx_word' id='word_1_236' title='bbox 1405 1989 1634 2040; x_wconf 88' lang='lat' dir='ltr'>Octaviano,</span> <span class='ocrx_word' id='word_1_237' title='bbox 1659 1991 1759 2031; x_wconf 90' lang='lat' dir='ltr'>tunc</span> <span class='ocrx_word' id='word_1_238' title='bbox 1787 1992 1950 2031; x_wconf 85' lang='lat' dir='ltr'>sanctae</span> 
     </span>
     <span class='ocr_line' id='line_1_31' title="bbox 410 2044 1950 2100; baseline 0.001 -15"><span class='ocrx_word' id='word_1_239' title='bbox 410 2044 618 2085; x_wconf 88' lang='lat' dir='ltr'>Romanae</span> <span class='ocrx_word' id='word_1_240' title='bbox 654 2045 869 2086; x_wconf 89' lang='lat' dir='ltr'>aecclesiae</span> <span class='ocrx_word' id='word_1_241' title='bbox 909 2045 1131 2098; x_wconf 89' lang='lat' dir='ltr'>presbitero</span> <span class='ocrx_word' id='word_1_242' title='bbox 1172 2045 1382 2095; x_wconf 90' lang='lat' dir='ltr'>cardinali,</span> <span class='ocrx_word' id='word_1_243' title='bbox 1417 2059 1526 2087; x_wconf 91' lang='lat' dir='ltr'>nunc</span> <span class='ocrx_word' id='word_1_244' title='bbox 1565 2046 1803 2100; x_wconf 88' lang='lat' dir='ltr'>apostolicae</span> <span class='ocrx_word' id='word_1_245' title='bbox 1843 2045 1950 2087; x_wconf 89' lang='lat' dir='ltr'>sedis</span> 
     </span>
     <span class='ocr_line' id='line_1_32' title="bbox 410 2100 1948 2155; baseline 0.001 -15"><span class='ocrx_word' id='word_1_246' title='bbox 410 2100 616 2153; x_wconf 91' lang='lat' dir='ltr'>pontifice,</span> <span class='ocrx_word' id='word_1_247' title='bbox 646 2113 729 2141; x_wconf 92' lang='lat' dir='ltr'>una</span> <span class='ocrx_word' id='word_1_248' title='bbox 765 2113 858 2142; x_wconf 91' lang='lat' dir='ltr'>cum</span> <span class='ocrx_word' id='word_1_249' title='bbox 899 2102 1023 2142; x_wconf 87' lang='lat' dir='ltr'>fratre</span> <span class='ocrx_word' id='word_1_250' title='bbox 1051 2102 1271 2143; x_wconf 90' lang='lat' dir='ltr'>Wilhelmo</span> <span class='ocrx_word' id='word_1_251' title='bbox 1314 2102 1536 2155; x_wconf 89' lang='lat' dir='ltr'>presbitero</span> <span class='ocrx_word' id='word_1_252' title='bbox 1580 2102 1772 2143; x_wconf 88' lang='lat' dir='ltr'>cardinali</span> <span class='ocrx_word' id='word_1_253' title='bbox 1812 2101 1948 2144; x_wconf 87' lang='lat' dir='ltr'>Sancti</span> 
     </span>
     <span class='ocr_line' id='line_1_33' title="bbox 410 2156 1950 2211; baseline 0.001 -15"><span class='ocrx_word' id='word_1_254' title='bbox 410 2156 520 2197; x_wconf 88' lang='lat' dir='ltr'>Petri</span> <span class='ocrx_word' id='word_1_255' title='bbox 550 2156 599 2197; x_wconf 92' lang='lat' dir='ltr'>ad</span> <span class='ocrx_word' id='word_1_256' title='bbox 621 2157 795 2198; x_wconf 90' lang='lat' dir='ltr'>Vincula</span> <span class='ocrx_word' id='word_1_257' title='bbox 824 2157 874 2198; x_wconf 91' lang='lat' dir='ltr'>ad</span> <span class='ocrx_word' id='word_1_258' title='bbox 894 2157 1146 2211; x_wconf 88' lang='lat' dir='ltr'>imperialem</span> <span class='ocrx_word' id='word_1_259' title='bbox 1174 2158 1459 2198; x_wconf 89' lang='lat' dir='ltr'>celsitudinem</span> <span class='ocrx_word' id='word_1_260' title='bbox 1483 2158 1725 2210; x_wconf 86' lang='lat' dir='ltr'>legationem</span> <span class='ocrx_word' id='word_1_261' title='bbox 1744 2158 1950 2211; x_wconf 88' lang='lat' dir='ltr'>fungente,</span> 
     </span>
     <span class='ocr_line' id='line_1_34' title="bbox 411 2212 1948 2268; baseline 0.001 -16"><span class='ocrx_word' id='word_1_262' title='bbox 411 2212 583 2253; x_wconf 88' lang='lat' dir='ltr'>domnus</span> <span class='ocrx_word' id='word_1_263' title='bbox 623 2225 728 2266; x_wconf 90' lang='lat' dir='ltr'>papa</span> <span class='ocrx_word' id='word_1_264' title='bbox 771 2226 864 2254; x_wconf 81' lang='lat' dir='ltr'>cuni</span> <span class='ocrx_word' id='word_1_265' title='bbox 902 2213 977 2254; x_wconf 90' lang='lat' dir='ltr'>sibi</span> <span class='ocrx_word' id='word_1_266' title='bbox 1023 2214 1368 2255; x_wconf 90' lang='lat' dir='ltr'>consentientibus</span> <span class='ocrx_word' id='word_1_267' title='bbox 1407 2216 1448 2255; x_wconf 89' lang='lat' dir='ltr'>et</span> <span class='ocrx_word' id='word_1_268' title='bbox 1485 2214 1705 2268; x_wconf 87' lang='lat' dir='ltr'>supradicti</span> <span class='ocrx_word' id='word_1_269' title='bbox 1743 2213 1948 2254; x_wconf 88' lang='lat' dir='ltr'>Wilhelmi</span> 
     </span>
     <span class='ocr_line' id='line_1_35' title="bbox 410 2267 1950 2323; baseline 0.001 -15"><span class='ocrx_word' id='word_1_270' title='bbox 410 2267 634 2309; x_wconf 90' lang='lat' dir='ltr'>fautoribus</span> <span class='ocrx_word' id='word_1_271' title='bbox 686 2269 840 2311; x_wconf 89' lang='lat' dir='ltr'>Urbem</span> <span class='ocrx_word' id='word_1_272' title='bbox 891 2282 1096 2322; x_wconf 85' lang='lat' dir='ltr'>egressus,</span> <span class='ocrx_word' id='word_1_273' title='bbox 1145 2270 1436 2323; x_wconf 87' lang='lat' dir='ltr'>Anagniam</span> <span class='ocrx_word' id='word_1_274' title='bbox 1478 2270 1652 2318; x_wconf 85' lang='lat' dir='ltr'>venit;</span> <span class='ocrx_word' id='word_1_275' title='bbox 1698 2270 1782 2310; x_wconf 90' lang='lat' dir='ltr'>ubi</span> <span class='ocrx_word' id='word_1_276' title='bbox 1824 2271 1950 2310; x_wconf 90' lang='lat' dir='ltr'>tunc</span> 
     </span>
     <span class='ocr_line' id='line_1_36' title="bbox 411 2324 1950 2380; baseline 0.001 -16"><span class='ocrx_word' id='word_1_277' title='bbox 411 2324 612 2365; x_wconf 90' lang='lat' dir='ltr'>demum</span> <span class='ocrx_word' id='word_1_278' title='bbox 647 2325 933 2367; x_wconf 88' lang='lat' dir='ltr'>manifesta</span> <span class='ocrx_word' id='word_1_279' title='bbox 971 2326 1365 2378; x_wconf 88' lang='lat' dir='ltr'>conspiratione</span> <span class='ocrx_word' id='word_1_280' title='bbox 1403 2338 1577 2367; x_wconf 92' lang='lat' dir='ltr'>omnes</span> <span class='ocrx_word' id='word_1_281' title='bbox 1616 2325 1807 2380; x_wconf 87' lang='lat' dir='ltr'>prefati</span> <span class='ocrx_word' id='word_1_282' title='bbox 1834 2325 1950 2366; x_wconf 90' lang='lat' dir='ltr'>Wil-</span> 
     </span>
     <span class='ocr_line' id='line_1_37' title="bbox 410 2380 1950 2436; baseline 0.001 -16"><span class='ocrx_word' id='word_1_283' title='bbox 410 2380 558 2421; x_wconf 89' lang='lat' dir='ltr'>helmi</span> <span class='ocrx_word' id='word_1_284' title='bbox 587 2380 813 2422; x_wconf 88' lang='lat' dir='ltr'>fautores</span> <span class='ocrx_word' id='word_1_285' title='bbox 843 2381 893 2422; x_wconf 91' lang='lat' dir='ltr'>in</span> <span class='ocrx_word' id='word_1_286' title='bbox 922 2382 1200 2435; x_wconf 87' lang='lat' dir='ltr'>presentia</span> <span class='ocrx_word' id='word_1_287' title='bbox 1229 2381 1399 2423; x_wconf 89' lang='lat' dir='ltr'>domni</span> <span class='ocrx_word' id='word_1_288' title='bbox 1429 2394 1592 2436; x_wconf 88' lang='lat' dir='ltr'>papae</span> <span class='ocrx_word' id='word_1_289' title='bbox 1623 2383 1950 2423; x_wconf 88' lang='lat' dir='ltr'>sacramento</span> 
     </span>
    </p>
   </div>
   <div class='ocr_carea' id='block_1_3' title="bbox 413 2459 624 2462">
    <p class='ocr_par' dir='ltr' id='par_1_5' title="bbox 413 2459 624 2462">
     <span class='ocr_line' id='line_1_38' title="bbox 413 2459 624 2462; baseline 0 0"><span class='ocrx_word' id='word_1_290' title='bbox 413 2459 624 2462; x_wconf 95' lang='lat' dir='ltr'> </span> 
     </span>
    </p>
   </div>
   <div class='ocr_carea' id='block_1_4' title="bbox 527 2491 1513 2537">
    <p class='ocr_par' dir='ltr' id='par_1_6' title="bbox 527 2491 1513 2537">
     <span class='ocr_line' id='line_1_39' title="bbox 527 2491 1513 2537; baseline 0.001 -11"><span class='ocrx_word' id='word_1_291' title='bbox 527 2492 560 2537; x_wconf 86' lang='lat' dir='ltr'>a)</span> <span class='ocrx_word' id='word_1_292' title='bbox 586 2491 732 2526; x_wconf 85' lang='lat' dir='ltr'>Sanctae</span> <span class='ocrx_word' id='word_1_293' title='bbox 756 2491 887 2526; x_wconf 87' lang='lat' dir='ltr'>Mariae</span> <span class='ocrx_word' id='word_1_294' title='bbox 903 2520 911 2527; x_wconf 88' lang='lat'><strong>.</strong></span> <span class='ocrx_word' id='word_1_295' title='bbox 931 2520 938 2527; x_wconf 93' lang='lat'><em>.</em></span> <span class='ocrx_word' id='word_1_296' title='bbox 958 2519 965 2527; x_wconf 91' lang='lat'>.</span> <span class='ocrx_word' id='word_1_297' title='bbox 984 2493 1020 2526; x_wconf 91' lang='lat' dir='ltr'>in</span> <span class='ocrx_word' id='word_1_298' title='bbox 1044 2492 1235 2537; x_wconf 86' lang='lat' dir='ltr'>Dompnica</span> <span class='ocrx_word' id='word_1_299' title='bbox 1257 2492 1346 2527; x_wconf 81' lang='lat' dir='ltr'>fehlt</span> <span class='ocrx_word' id='word_1_300' title='bbox 1367 2493 1448 2527; x_wconf 86' lang='lat' dir='ltr'>Rec.</span> <span class='ocrx_word' id='word_1_301' title='bbox 1472 2492 1513 2528; x_wconf 93' lang='lat' dir='ltr'>B.</span> 
     </span>
    </p>
   </div>
   <div class='ocr_carea' id='block_1_5' title="bbox 526 2549 1602 2918">
    <p class='ocr_par' dir='ltr' id='par_1_7' title="bbox 526 2549 1602 2918">
     <span class='ocr_line' id='line_1_40' title="bbox 526 2549 1536 2570; baseline 0.001 -14"><span class='ocrx_word' id='word_1_302' title='bbox 526 2549 543 2567; x_wconf 67' lang='grc'>*</span> <span class='ocrx_word' id='word_1_303' title='bbox 809 2550 815 2556; x_wconf 94' lang='grc'>.</span> <span class='ocrx_word' id='word_1_304' title='bbox 976 2550 982 2556; x_wconf 94' lang='grc'>.</span> <span class='ocrx_word' id='word_1_305' title='bbox 1301 2550 1307 2557; x_wconf 96' lang='grc'><em>.</em></span> <span class='ocrx_word' id='word_1_306' title='bbox 1375 2550 1381 2557; x_wconf 93' lang='grc'><strong>.</strong></span> <span class='ocrx_word' id='word_1_307' title='bbox 1407 2550 1414 2557; x_wconf 95' lang='grc'><strong>.</strong></span> <span class='ocrx_word' id='word_1_308' title='bbox 1528 2563 1536 2570; x_wconf 43' lang='lat'><strong>·</strong></span> 
     </span>
     <span class='ocr_line' id='line_1_41' title="bbox 544 2549 1602 2641; baseline 0 -11"><span class='ocrx_word' id='word_1_309' title='bbox 544 2551 557 2592; x_wconf 75' lang='grc'>)</span> <span class='ocrx_word' id='word_1_310' title='bbox 582 2549 660 2593; x_wconf 43' lang='lat' dir='ltr'>Vgl·</span> <span class='ocrx_word' id='word_1_311' title='bbox 687 2549 863 2630; x_wconf 51' lang='lat' dir='ltr'>gosiffffiffi</span> <span class='ocrx_word' id='word_1_312' title='bbox 887 2549 1432 2641; x_wconf 42' lang='lat' dir='ltr'>{ecglgggf’pggsffltglgdssglcssa</span> <span class='ocrx_word' id='word_1_313' title='bbox 1441 2551 1602 2639; x_wconf 43' lang='lat' dir='ltr'>(felgusat,</span> 
     </span>
     <span class='ocr_line' id='line_1_42' title="bbox 686 2641 1546 2687; baseline 0 -11"><span class='ocrx_word' id='word_1_314' title='bbox 686 2642 830 2676; x_wconf 86' lang='lat' dir='ltr'>Munera</span> <span class='ocrx_word' id='word_1_315' title='bbox 855 2642 1048 2687; x_wconf 88' lang='lat' dir='ltr'>despiciunt</span> <span class='ocrx_word' id='word_1_316' title='bbox 1071 2644 1107 2676; x_wconf 86' lang='lat' dir='ltr'>et</span> <span class='ocrx_word' id='word_1_317' title='bbox 1130 2642 1245 2676; x_wconf 85' lang='lat' dir='ltr'>federa</span> <span class='ocrx_word' id='word_1_318' title='bbox 1270 2641 1379 2676; x_wconf 88' lang='lat' dir='ltr'>Greca</span> <span class='ocrx_word' id='word_1_319' title='bbox 1402 2642 1546 2685; x_wconf 81' lang='lat' dir='ltr'>refutat;</span> 
     </span>
     <span class='ocr_line' id='line_1_43' title="bbox 689 2687 1385 2733; baseline 0 -11"><span class='ocrx_word' id='word_1_320' title='bbox 689 2687 823 2722; x_wconf 87' lang='lat' dir='ltr'>Cesaris</span> <span class='ocrx_word' id='word_1_321' title='bbox 849 2689 976 2722; x_wconf 86' lang='lat' dir='ltr'>auxilia</span> <span class='ocrx_word' id='word_1_322' title='bbox 999 2699 1080 2733; x_wconf 88' lang='lat' dir='ltr'>pars</span> <span class='ocrx_word' id='word_1_323' title='bbox 1104 2688 1250 2722; x_wconf 89' lang='lat' dir='ltr'>retinere</span> <span class='ocrx_word' id='word_1_324' title='bbox 1273 2691 1385 2733; x_wconf 88' lang='lat' dir='ltr'>putat.</span> 
     </span>
     <span class='ocr_line' id='line_1_44' title="bbox 686 2733 1570 2779; baseline 0 -11"><span class='ocrx_word' id='word_1_325' title='bbox 686 2734 763 2768; x_wconf 87' lang='lat' dir='ltr'>Hac</span> <span class='ocrx_word' id='word_1_326' title='bbox 786 2734 822 2768; x_wconf 89' lang='lat' dir='ltr'>in</span> <span class='ocrx_word' id='word_1_327' title='bbox 846 2736 945 2779; x_wconf 90' lang='lat' dir='ltr'>parte</span> <span class='ocrx_word' id='word_1_328' title='bbox 968 2745 1090 2768; x_wconf 88' lang='lat' dir='ltr'>manus</span> <span class='ocrx_word' id='word_1_329' title='bbox 1114 2734 1211 2768; x_wconf 87' lang='lat' dir='ltr'>misit</span> <span class='ocrx_word' id='word_1_330' title='bbox 1234 2735 1326 2779; x_wconf 89' lang='lat' dir='ltr'>prior</span> <span class='ocrx_word' id='word_1_331' title='bbox 1351 2733 1570 2778; x_wconf 84' lang='lat' dir='ltr'>Octavianus,</span> 
     </span>
     <span class='ocr_line' id='line_1_45' title="bbox 688 2779 1593 2825; baseline 0 -11"><span class='ocrx_word' id='word_1_332' title='bbox 688 2779 867 2825; x_wconf 90' lang='lat' dir='ltr'>Guidoque</span> <span class='ocrx_word' id='word_1_333' title='bbox 892 2780 1095 2823; x_wconf 89' lang='lat' dir='ltr'>Cremanus,</span> <span class='ocrx_word' id='word_1_334' title='bbox 1120 2781 1172 2814; x_wconf 89' lang='lat' dir='ltr'>vir</span> <span class='ocrx_word' id='word_1_335' title='bbox 1195 2781 1320 2814; x_wconf 88' lang='lat' dir='ltr'>nobilis</span> <span class='ocrx_word' id='word_1_336' title='bbox 1344 2782 1380 2814; x_wconf 89' lang='lat' dir='ltr'>et</span> <span class='ocrx_word' id='word_1_337' title='bbox 1402 2783 1593 2823; x_wconf 72' lang='lat' dir='ltr'>veteranus,</span> 
     </span>
     <span class='ocr_line' id='line_1_46' title="bbox 684 2826 1484 2872; baseline 0.001 -12"><span class='ocrx_word' id='word_1_338' title='bbox 684 2826 732 2860; x_wconf 88' lang='lat' dir='ltr'>Et</span> <span class='ocrx_word' id='word_1_339' title='bbox 754 2827 877 2872; x_wconf 88' lang='lat' dir='ltr'>reliqui</span> <span class='ocrx_word' id='word_1_340' title='bbox 901 2838 1014 2861; x_wconf 90' lang='lat' dir='ltr'>secum</span> <span class='ocrx_word' id='word_1_341' title='bbox 1039 2827 1202 2861; x_wconf 86' lang='lat' dir='ltr'>scismata</span> <span class='ocrx_word' id='word_1_342' title='bbox 1225 2827 1328 2870; x_wconf 90' lang='lat' dir='ltr'>longa</span> <span class='ocrx_word' id='word_1_343' title='bbox 1352 2828 1484 2872; x_wconf 87' lang='lat' dir='ltr'>petunt.</span> 
     </span>
     <span class='ocr_line' id='line_1_47' title="bbox 687 2872 1539 2918; baseline 0 -11"><span class='ocrx_word' id='word_1_344' title='bbox 687 2873 773 2907; x_wconf 85' lang='lat' dir='ltr'>Pars</span> <span class='ocrx_word' id='word_1_345' title='bbox 796 2874 1062 2907; x_wconf 78' lang='lat' dir='ltr'>monocratorem</span> <span class='ocrx_word' id='word_1_346' title='bbox 1086 2873 1185 2918; x_wconf 89' lang='lat' dir='ltr'>pleno</span> <span class='ocrx_word' id='word_1_347' title='bbox 1210 2872 1301 2907; x_wconf 88' lang='lat' dir='ltr'>fovet</span> <span class='ocrx_word' id='word_1_348' title='bbox 1324 2873 1393 2906; x_wconf 86' lang='lat' dir='ltr'>ista</span> <span class='ocrx_word' id='word_1_349' title='bbox 1416 2873 1539 2907; x_wconf 84' lang='lat' dir='ltr'>favore.</span> 
     </span>
    </p>
   </div>
   <div class='ocr_carea' id='block_1_6' title="bbox 2072 0 2098 601">
    <p class='ocr_par' dir='ltr' id='par_1_8' title="bbox 2072 0 2098 601">
     <span class='ocr_line' id='line_1_48' title="bbox 2072 0 2098 601; baseline 0 2831"><span class='ocrx_word' id='word_1_350' title='bbox 2072 0 2098 601; x_wconf 95' lang='lat' dir='ltr'> </span> 
     </span>
    </p>
   </div>
  </div>
 </body>
</html>
