2098 3432
1627 294 1707 334 141

136 407 328 453 0100110111
371 406 625 457 videbamus,
669 406 821 448 iuxta
850 419 1042 449 morem
1078 407 1309 449 ecclesie
1349 407 1497 462 prior
1541 407 1711 450 diaco-

134 464 372 519 norum*)
417 464 620 521 induerat,
663 465 882 517 tamquam
927 464 1166 518 arreptitius
1207 477 1231 506 a
1270 464 1372 506 collo
1422 467 1564 507 nostro
1613 477 1709 520 pro-

134 522 234 580 111118
283 522 476 564 manibus
527 521 730 564 violenter
769 522 948 564 excussit
989 523 1031 563 et
1081 534 1223 563 800010
1272 523 1380 563 inter
1428 522 1710 564 tumultuosos

79 615 94 632 ,
135 580 334 636 strepitus
363 579 429 622 vel
457 578 649 621 fremitus
689 579 928 633 asportavit.
959 578 1155 621 Ceterum
1186 592 1281 620 cum
1312 579 1483 633 quidam
1513 579 1562 622 de
1593 592 1711 622 sena-

26 635 60 698 '3
130 637 292 685 10111108
331 638 499 679 tantum
536 635 697 678 facinus
726 636 1013 691 inspexissent,
1052 649 1162 678 unus
1193 649 1242 678 ex
1284 637 1343 678 eis
1386 637 1534 692 spiritu
1573 637 1709 680 divino

104 702 366 747 Ἰ1110000808,
414 696 607 736 mantum
654 693 795 748 ipsum
844 694 894 736 de
942 707 1071 736 manu
1122 693 1272 749 eripuit
1334 695 1540 736 sevientis.
1614 695 1710 750 Ipse

16 751 106 807 μζ
122 759 230 808 ξῖῃτο
277 751 331 795 0(1
380 751 589 806 quendam
638 751 898 805 capellanum
947 764 1083 802 suum,
1134 751 1205 805 qui
1255 751 1307 793 ad
1354 752 1432 794 1100
1480 752 1710 795 1081100108

78 812 302 866 Ι(4110110101
331 810 374 852 01
401 810 584 864 paratus,
632 808 741 850 illico
772 808 987 851 flammeos
1037 809 1176 851 oculos
1217 808 1512 851 fremebundus
1542 810 1711 861 inflexit,

19 866 318 913 Ἰ’5901010008
348 868 391 909 et
419 878 689 921 concrepans,
753 868 802 907 ut
845 868 1048 917 mantum,
1103 879 1228 920 quem
1274 879 1415 908 secum
1458 868 1708 921 portaverat,

129 923 378 969 festinanter
407 924 581 966 afferret.
631 923 723 975 Quo
754 923 897 978 utique
929 924 1017 965 sine
1066 936 1183 966 mora
1232 924 1379 974 delato,
1427 924 1538 966 idem
1587 924 1711 967 Octa-

10 1006 30 1025 „⁷
124 982 279 1027 :vianus
317 982 525 1025 abstracto
564 981 673 1036 pileo
713 982 755 1023 et
794 981 927 1036 capite
967 981 1174 1032 inclinato,
1214 981 1372 1024 cunctis
1410 981 1607 1024 fratribus
1638 986 1711 1024 aut

18 1054 19 1059 ¹
47 1036 85 1091 ᾗ.
132 1039 220 1084 1000
247 1039 344 1082 111ᾶο
394 1041 468 1082 001
510 1039 725 1081 voluntate
755 1039 940 1089 remotis,
970 1042 1162 1080 mantum
1210 1051 1284 1094 per
1331 1052 1482 1081 manus
1515 1039 1711 1095 ⁶eiusdem

9 1122 16 1152 ·.
135 1097 338 1154 capellani
368 1101 411 1140 et
439 1096 657 1140 cuiusdam
688 1095 860 1138 alterius
891 1096 1027 1138 clerici
1059 1096 1123 1138 801
1141 1096 1400 1138 ambitiosius
1417 1098 1645 1151 assumpsit
1667 1099 1708 1139 et

134 1153 222 1212 ipse
251 1155 376 1206 idem,
406 1154 504 1210 quia
531 1167 615 1196 non
646 1155 735 1196 erat
765 1153 871 1196 alius
900 1154 944 1195 111
974 1154 1054 1195 1100
1084 1166 1218 1208 opere,
1249 1154 1460 1208 capellano
1492 1156 1534 1196 et
1564 1155 1710 1197 clerico

133 1212 268 1256 extitit
297 1212 522 1255 coadjutor.
581 1212 741 1254 Verum
782 1224 831 1253 ex
871 1211 1008 1253 divino
1048 1211 1198 1253 iudicio
1240 1211 1446 1253 credimus
1477 1212 1709 1266 contigisse,

14 1294 59 1325 Γ,
133 1269 244 1327 quod
274 1282 324 1312 ea
350 1282 448 1325 pars
467 1270 612 1320 manti,
644 1282 724 1323 que
760 1271 899 1323 tegere
921 1268 1128 1311 anteriora
1149 1269 1358 1320 debuerat,
1388 1269 1533 1311 multis
1569 1269 1710 1311 viden-

25 1337 37 1350 ²
79 1360 81 1362 -
130 1326 242 1371 tibus
271 1330 314 1370 et
340 1327 573 1370 ridentibus
602 1326 834 1382 posteriora
863 1327 1042 1381 tegebat,
1073 1327 1115 1368 et
1147 1326 1254 1368 sicut
1289 1328 1399 1369 torte
1435 1327 1587 1369 mentis
1621 1329 1710 1369 erat

31 1395 38 1405 ·
133 1385 176 1429 et
201 1385 442 1428 intentionis
472 1385 649 1439 oblique,
693 1384 754 1426 ita
785 1396 832 1426 ex
862 1386 1099 1426 transverso
1131 1386 1172 1426 et
1204 1384 1369 1438 obliquo
1404 1386 1598 1426 mantum
1627 1385 1708 1426 fuit

130 1441 176 1486 in
225 1443 514 1486 testimonium
564 1455 638 1485 sue
675 1442 982 1496 dampnationis
1018 1441 1227 1483 indutum.
1301 1441 1392 1493 Quo
1431 1442 1540 1484 facto
1592 1445 1709 1497 porte

131 1500 310 1552 ecclesie,
348 1513 428 1555 que
447 1500 611 1543 firmate
638 1501 767 1551 erant,
805 1501 1054 1549 reserantur,
1095 1502 1136 1541 et
1164 1512 1375 1541 armorum
1420 1500 1549 1550 cunei,
1594 1513 1709 1554 quos,

131 1557 239 1602 81001
283 1571 332 1601 ex
359 1571 403 1600 re
435 1558 637 1614 apparuit,
680 1557 853 1612 pecunie
898 1557 1117 1611 largitione
1159 1557 1421 1608 conduxerat,
1476 1558 1704 1611 evaginatis

131 1615 277 1670 gladiis
307 1629 403 1659 cum
431 1616 619 1658 inmenso
650 1615 826 1670 strepitu
842 1616 1125 1665 cucurrerunt,
1157 1616 1199 1656 et
1228 1615 1358 1670 pestis
1387 1615 1460 1656 illa
1479 1615 1702 1666 mortifera,

132 1673 230 1728 quia
257 1673 486 1716 cardinales
517 1675 559 1716 et
589 1673 800 1728 episcopos
844 1686 929 1715 non
972 1673 1192 1723 habebant,
1240 1674 1495 1715 armatorum
1542 1675 1708 1716 caterva

31 1749 35 1776 1<
129 1729 311 1773 militum
338 1731 662 1786 vallabatur**).

54 1795 55 1798 ’
244 1787 511 1832 Considerate
539 1789 694 1843 itaque,
735 1787 886 1830 fratres
924 1787 968 1829 in
1000 1787 1164 1830 Christo
1195 1788 1461 1838 venerabiles,
1501 1791 1589 1829 tam
1619 1788 1707 1842 pia-

131 1846 268 1889 culare
296 1845 518 1900 flagicium,
555 1848 644 1889 tam
680 1846 905 1888 execrabile
945 1846 1211 1899 sacrilegium
1247 1846 1466 1899 diligenter
1505 1845 1707 1887 attendite

131 1904 174 1946 01
200 1903 347 1956 videte,
378 1904 413 1946 si
443 1906 508 1947 est
537 1904 652 1947 dolor
682 1904 790 1946 sicut
820 1903 935 1946 dolor
963 1903 1043 1946 iste
1083 1905 1124 1945 et
1154 1903 1189 1945 si
1220 1904 1271 1945 ab
1303 1903 1465 1945 exordio
1495 1903 1704 1945 nascentis

130 2037 332 2085 Papstwahl
357 2038 561 2082 zuerIzannt,
588 2037 820 2073 andererseits
844 2038 882 2072 in
907 2038 969 2073 der
992 2037 1087 2073 That
1111 2038 1168 2073 bei
1194 2038 1255 2072 der
1278 2037 1469 2082 Erhebung
1494 2037 1707 2072 Alexanders

129 2083 256 2120 Klerus
278 2096 312 2122 u.
337 2084 429 2120 Volk
451 2085 552 2121 nicht
586 2085 803 2131 mitgewirkt
826 2085 952 2121 haben.
1001 2086 1081 2131 Vgl.
1110 2086 1267 2130 dagegen
1302 2085 1369 2119 den
1394 2084 1621 2130 Standpunkt
1647 2085 1708 2119 der

130 2130 330 2168 Viktoriner
344 2132 383 2168 in
397 2133 458 2168 der
470 2132 583 2178 stage
608 2133 669 2168 der
686 2133 916 2177 Mitwirkung
941 2144 1006 2168 von
1024 2133 1151 2168 Klerus
1177 2144 1210 2168 u.
1224 2132 1315 2167 Volk
1326 2132 1383 2167 bei
1401 2131 1463 2166 der
1478 2131 1681 2177 Papstwahl
1695 2134 1702 2166 !

247 2180 282 2224 *)
320 2179 502 2226 Bestatigt
527 2180 638 2215 durch
662 2181 730 2215 den
754 2179 848 2215 Ordo
873 2180 1052 2215 Romanus
1076 2180 1177 2222 XII.;
1217 2179 1398 2222 Mabillon,
1437 2179 1597 2214 Museuni
1622 2179 1704 2215 Ital.

130 2225 179 2271 Π,
203 2229 283 2264 210.
325 2248 370 2253 —
409 2227 496 2263 Was
521 2227 577 2263 die
602 2227 794 2263 rechtliche
818 2227 1030 2273 Bedeutung
1071 2228 1132 2262 der
1157 2226 1495 2262 Immantation
1537 2226 1569 2262 d.
1595 2227 1618 2262 i.
1646 2226 1706 2262 der

130 2273 351 2320 Bekleidung
372 2275 441 2310 mit
465 2275 543 2310 dem
567 2277 667 2310 roten
691 2275 935 2321 Papstmantel
960 2275 1108 2319 betrifft,
1135 2287 1173 2310 so
1198 2275 1313 2309 0111011
1338 2274 1447 2308 durch
1473 2273 1523 2308 sie
1548 2274 1599 2317 (in
1623 2274 1707 2309 Ver-

128 2321 288 2368 bindung
310 2322 379 2357 mit
402 2322 464 2357 der
487 2323 754 2368 gleichzeitigen
778 2322 975 2368 Beilegung
1002 2323 1063 2358 des
1087 2322 1307 2368 papstlichen
1332 2321 1502 2367 Namens)
1529 2321 1581 2356 als
1606 2321 1706 2356 einen

0 2351 55 2404 ἐς
129 2366 204 2404 Akt
228 2369 290 2405 der
311 2369 641 2415 Besitzergreifung,
679 2370 808 2415 gerade
845 2381 883 2405 8ο
921 2370 986 2405 wie
1019 2370 1130 2405 durch
1155 2370 1211 2404 die
1235 2369 1514 2404 Inthronisation
1541 2368 1574 2404 d.
1599 2369 1622 2404 i.
1650 2369 1705 2403 die

128 2414 375 2452 Boeitznahme
401 2417 463 2452 der
487 2417 665 2453 Cathedra
689 2417 798 2460 Petri,
841 2417 902 2452 der
927 2416 1110 2453 Gewahlte
1136 2417 1199 2452 das
1231 2417 1286 2451 ius
1318 2416 1355 2451 in
1382 2427 1429 2460 10,
1473 2416 1644 2450 nachdem
1669 2427 1707 2451 er

131 2461 241 2499 durch
277 2463 334 2500 die
357 2463 464 2499 Wahl
496 2464 561 2500 das
585 2465 641 2500 ius
666 2465 712 2500 ad
736 2476 809 2500 rem
846 2465 995 2509 erlangt.
1047 2463 1200 2500 Grauert
1235 2464 1284 2499 im
1320 2463 1444 2498 histor.
1468 2463 1651 2498 Jahrbuch
1675 2463 1704 2506 Ι,

131 2511 198 2547 502
221 2510 258 2547 ff.
283 2511 396 2547 findet
418 2511 532 2547 hierin
557 2512 633 2548 eine
652 2512 883 2557 symbolisehe
900 2512 1103 2556 Investitur,
1131 2512 1186 2546 die
1205 2523 1249 2546 an
1267 2511 1322 2546 die
1339 2510 1447 2545 Stelle
1466 2510 1527 2545 der
1542 2510 1705 2545 friiheren

129 2557 255 2603 1001011,
293 2558 354 2594 der
377 2558 626 2595 Introduktion
649 2559 687 2595 in
713 2559 779 2594 den
804 2559 967 2603 Lateran,
994 2562 1154 2604 getreten
1179 2559 1246 2602 801;
1286 2559 1322 2593 111
1358 2557 1484 2593 beiden
1521 2558 1604 2592 aber
1629 2558 1704 2593 eine

129 2602 298 2672 Analogie
322 2617 383 2641 zur
408 2606 600 2642 deutschen
624 2607 968 2642 sachenrechtlichen
993 2606 1197 2642 Investitur.

267 2653 300 2699 ¹⁸¹)
339 2653 407 2688 Die
442 2654 667 2699 gewaltsame
698 2654 950 2689 Immantation
976 2653 1170 2690 Oktavians
1210 2653 1298 2688 wird
1325 2652 1436 2687 durch
1473 2652 1528 2686 die
1562 2652 1705 2686 111111011-

128 2699 272 2736 nischen
295 2700 459 2736 Berichte
483 2702 668 2747 bestatigt.
715 2701 848 2736 Jedooh
889 2701 979 2736 10881
1014 2701 1078 2736 (108
1116 2701 1304 2736 Schreiben
1330 2700 1391 2734 der
1430 2699 1703 2734 viktorinischen

128 2744 318 2783 ΚΔΛ-(1111010
358 2748 510 2784 dieselbe
548 2751 622 2784 erst
660 2749 824 2794 erfolgen,
865 2749 1038 2783 nachdem
1079 2749 1134 2783 die
1171 2748 1315 2782 Wahler
1352 2747 1496 2781 Viktors
1538 2746 1594 2781 die
1634 2746 1704 2781 Im-

127 2795 324 2831 mantation
358 2795 516 2831 Rolands
558 2796 668 2831 durch
705 2796 886 2841 Berufung
923 2796 985 2830 auf
1012 2796 1079 2839 *das
1113 2795 1286 2839 (daselbst
1322 2793 1511 2838 erwahnte)
1549 2794 1701 2828 Paktum

128 2842 315 2887 vergebens
339 2854 381 2878 zu
405 2843 554 2878 hindern
579 2843 738 2889 gesucht.
775 2843 878 2878 Naeh
903 2843 1102 2878 demselben
1126 2842 1290 2878 Berichte
1314 2841 1387 2876 und
1412 2841 1490 2875 dem
1516 2840 1703 2875 Schreiben

129 2887 198 2971 defi
212 2888 408 2972 ngherrn
432 2902 464 2926 v.
478 2890 530 2927 St.
546 2891 652 2926 Peter
674 2891 724 2926 ist
749 2890 805 2925 die
829 2890 1081 2925 Immantation
1097 2890 1240 2924 Viktors
1257 2901 1322 2924 von
1349 2889 1471 2924 dessen
1485 2887 1701 2923 Kal-dinalen

128 2946 171 2971 vo
198 2947 240 2972 en
265 2938 303 2972 et
325 2937 474 2974 worden.
