<?xml version="1.0" encoding="UTF-8"?>
<!DOCTYPE html PUBLIC "-//W3C//DTD XHTML 1.0 Transitional//EN"
    "http://www.w3.org/TR/xhtml1/DTD/xhtml1-transitional.dtd">
<html xmlns="http://www.w3.org/1999/xhtml" xml:lang="en" lang="en">
 <head>
  <title>
</title>
<meta http-equiv="Content-Type" content="text/html;charset=utf-8" />
  <meta name='ocr-system' content='tesseract 3.04.00' />
  <meta name='ocr-capabilities' content='ocr_page ocr_carea ocr_par ocr_line ocrx_word'/>
</head>
<body>
  <div class='ocr_page' id='page_1' title='image "./monumentagermani04doebuoft_0018.png"; bbox 0 0 2098 3432; ppageno 0'>
   <div class='ocr_carea' id='block_1_1' title="bbox 472 343 2098 415">
    <p class='ocr_par' dir='ltr' id='par_1_1' title="bbox 472 343 2098 415">
     <span class='ocr_line' id='line_1_1' title="bbox 472 343 2098 415; baseline -0.004 6"><span class='ocrx_word' id='word_1_1' title='bbox 472 343 499 381; x_wconf 79' lang='lat'>4</span> <span class='ocrx_word' id='word_1_2' title='bbox 2088 373 2098 415; x_wconf 77' lang='lat'>1</span> 
     </span>
    </p>
   </div>
   <div class='ocr_carea' id='block_1_2' title="bbox 470 418 2098 2568">
    <p class='ocr_par' dir='ltr' id='par_1_2' title="bbox 470 418 2098 771">
     <span class='ocr_line' id='line_1_2' title="bbox 2092 418 2098 444; baseline 0 0"><span class='ocrx_word' id='word_1_3' title='bbox 2092 418 2098 444; x_wconf 83' lang='grc'>1</span> 
     </span>
     <span class='ocr_line' id='line_1_3' title="bbox 472 446 2098 494; baseline 0.002 -9"><span class='ocrx_word' id='word_1_4' title='bbox 472 452 599 485; x_wconf 86' lang='lat' dir='ltr'>cionem</span> <span class='ocrx_word' id='word_1_5' title='bbox 613 453 648 485; x_wconf 89' lang='lat' dir='ltr'>et</span> <span class='ocrx_word' id='word_1_6' title='bbox 660 450 767 484; x_wconf 83' lang='lat' dir='ltr'>futuri</span> <span class='ocrx_word' id='word_1_7' title='bbox 783 449 873 494; x_wconf 81' lang='lat' dir='ltr'>regis</span> <span class='ocrx_word' id='word_1_8' title='bbox 886 449 1125 485; x_wconf 84' lang='lat' dir='ltr'>emulationem</span> <span class='ocrx_word' id='word_1_9' title='bbox 1143 451 1354 484; x_wconf 87' lang='lat' dir='ltr'>sacramento</span> <span class='ocrx_word' id='word_1_10' title='bbox 1371 462 1392 485; x_wconf 89' lang='lat' dir='ltr'>a</span> <span class='ocrx_word' id='word_1_11' title='bbox 1408 461 1444 485; x_wconf 90' lang='lat' dir='ltr'>se</span> <span class='ocrx_word' id='word_1_12' title='bbox 1458 452 1625 486; x_wconf 77' lang='lat' dir='ltr'>removere</span> <span class='ocrx_word' id='word_1_13' title='bbox 1642 451 1786 488; x_wconf 85' lang='lat' dir='ltr'>volebat.</span> <span class='ocrx_word' id='word_1_14' title='bbox 1878 451 2005 488; x_wconf 83' lang='lat' dir='ltr'>uisitus</span> <span class='ocrx_word' id='word_1_15' title='bbox 2093 446 2098 458; x_wconf 67' lang='lat'>¹</span> 
     </span>
     <span class='ocr_line' id='line_1_4' title="bbox 470 496 2011 542; baseline 0.003 -12"><span class='ocrx_word' id='word_1_16' title='bbox 470 509 549 540; x_wconf 87' lang='lat' dir='ltr'>ergo</span> <span class='ocrx_word' id='word_1_17' title='bbox 568 497 635 530; x_wconf 84' lang='lat' dir='ltr'>dux</span> <span class='ocrx_word' id='word_1_18' title='bbox 651 496 852 538; x_wconf 88' lang='lat' dir='ltr'>Fridericus,</span> <span class='ocrx_word' id='word_1_19' title='bbox 877 499 993 530; x_wconf 78' lang='lat' dir='ltr'>utrum</span> <span class='ocrx_word' id='word_1_20' title='bbox 1009 497 1081 542; x_wconf 87' lang='lat' dir='ltr'>ipse</span> <span class='ocrx_word' id='word_1_21' title='bbox 1097 507 1230 541; x_wconf 89' lang='lat' dir='ltr'>quoque</span> <span class='ocrx_word' id='word_1_22' title='bbox 1246 497 1336 530; x_wconf 87' lang='lat' dir='ltr'>sicut</span> <span class='ocrx_word' id='word_1_23' title='bbox 1350 498 1386 531; x_wconf 89' lang='lat' dir='ltr'>et</span> <span class='ocrx_word' id='word_1_24' title='bbox 1402 498 1504 532; x_wconf 82' lang='lat' dir='ltr'>ceteri</span> <span class='ocrx_word' id='word_1_25' title='bbox 1529 498 1582 532; x_wconf 88' lang='lat' dir='ltr'>ad</span> <span class='ocrx_word' id='word_1_26' title='bbox 1607 499 1758 532; x_wconf 90' lang='lat' dir='ltr'>totius</span> <span class='ocrx_word' id='word_1_27' title='bbox 1782 510 1858 534; x_wconf 88' lang='lat' dir='ltr'>ecc</span> <span class='ocrx_word' id='word_1_28' title='bbox 1889 499 2011 534; x_wconf 81' lang='lat' dir='ltr'>osiae</span> 
     </span>
     <span class='ocr_line' id='line_1_5' title="bbox 472 542 2012 590; baseline 0.002 -13"><span class='ocrx_word' id='word_1_29' title='bbox 472 543 681 587; x_wconf 81' lang='lat' dir='ltr'>regnique</span> <span class='ocrx_word' id='word_1_30' title='bbox 706 542 917 576; x_wconf 76' lang='lat' dir='ltr'>honorem</span> <span class='ocrx_word' id='word_1_31' title='bbox 942 544 982 576; x_wconf 90' lang='lat' dir='ltr'>et</span> <span class='ocrx_word' id='word_1_32' title='bbox 1003 543 1181 576; x_wconf 79' lang='lat' dir='ltr'>liberae</span> <span class='ocrx_word' id='word_1_33' title='bbox 1205 543 1449 577; x_wconf 80' lang='lat' dir='ltr'>electionis</span> <span class='ocrx_word' id='word_1_34' title='bbox 1466 544 2012 590; x_wconf 83' lang='lat' dir='ltr'>commendacionemper·</span> 
     </span>
     <span class='ocr_line' id='line_1_6' title="bbox 470 588 2008 634; baseline 0.003 -12"><span class='ocrx_word' id='word_1_35' title='bbox 470 591 646 634; x_wconf 78' lang='lat' dir='ltr'>petuam</span> <span class='ocrx_word' id='word_1_36' title='bbox 671 588 762 622; x_wconf 89' lang='lat' dir='ltr'>idem</span> <span class='ocrx_word' id='word_1_37' title='bbox 787 588 875 632; x_wconf 90' lang='lat' dir='ltr'>quod</span> <span class='ocrx_word' id='word_1_38' title='bbox 910 589 1012 622; x_wconf 88' lang='lat' dir='ltr'>ceteri</span> <span class='ocrx_word' id='word_1_39' title='bbox 1045 589 1195 622; x_wconf 79' lang='lat' dir='ltr'>fecerant</span> <span class='ocrx_word' id='word_1_40' title='bbox 1226 588 1335 622; x_wconf 89' lang='lat' dir='ltr'>facere</span> <span class='ocrx_word' id='word_1_41' title='bbox 1367 589 1488 632; x_wconf 89' lang='lat' dir='ltr'>vellet,</span> <span class='ocrx_word' id='word_1_42' title='bbox 1526 590 1598 624; x_wconf 91' lang='lat' dir='ltr'>sine</span> <span class='ocrx_word' id='word_1_43' title='bbox 1631 590 1770 625; x_wconf 90' lang='lat' dir='ltr'>consilio</span> <span class='ocrx_word' id='word_1_44' title='bbox 1802 601 1942 626; x_wconf 86' lang='lat' dir='ltr'>suorum</span> <span class='ocrx_word' id='word_1_45' title='bbox 1972 591 2008 626; x_wconf 89' lang='lat' dir='ltr'>in</span> 
     </span>
     <span class='ocr_line' id='line_1_7' title="bbox 472 634 2008 682; baseline 0.002 -14"><span class='ocrx_word' id='word_1_46' title='bbox 472 635 593 668; x_wconf 85' lang='lat' dir='ltr'>castris</span> <span class='ocrx_word' id='word_1_47' title='bbox 622 634 817 668; x_wconf 79' lang='lat' dir='ltr'>relictorum</span> <span class='ocrx_word' id='word_1_48' title='bbox 848 645 883 668; x_wconf 90' lang='lat' dir='ltr'>se</span> <span class='ocrx_word' id='word_1_49' title='bbox 914 635 1114 679; x_wconf 87' lang='lat' dir='ltr'>respondere</span> <span class='ocrx_word' id='word_1_50' title='bbox 1147 646 1209 668; x_wconf 91' lang='lat' dir='ltr'>nec</span> <span class='ocrx_word' id='word_1_51' title='bbox 1234 635 1318 668; x_wconf 88' lang='lat' dir='ltr'>velle</span> <span class='ocrx_word' id='word_1_52' title='bbox 1342 646 1403 668; x_wconf 92' lang='lat' dir='ltr'>nec</span> <span class='ocrx_word' id='word_1_53' title='bbox 1427 646 1525 680; x_wconf 89' lang='lat' dir='ltr'>posse</span> <span class='ocrx_word' id='word_1_54' title='bbox 1549 636 1711 678; x_wconf 84' lang='lat' dir='ltr'>asseruit3</span> <span class='ocrx_word' id='word_1_55' title='bbox 1737 638 1773 671; x_wconf 89' lang='lat' dir='ltr'>et</span> <span class='ocrx_word' id='word_1_56' title='bbox 1797 635 1879 682; x_wconf 82' lang='lat' dir='ltr'>quia</span> <span class='ocrx_word' id='word_1_57' title='bbox 1903 637 1948 672; x_wconf 86' lang='lat' dir='ltr'>ad</span> <span class='ocrx_word' id='word_1_58' title='bbox 1971 648 2008 671; x_wconf 90' lang='lat' dir='ltr'>se</span> 
     </span>
     <span class='ocr_line' id='line_1_8' title="bbox 471 680 2005 728; baseline 0.003 -14"><span class='ocrx_word' id='word_1_59' title='bbox 471 680 691 714; x_wconf 87' lang='lat' dir='ltr'>exaltandum</span> <span class='ocrx_word' id='word_1_60' title='bbox 723 680 914 725; x_wconf 72' lang='lat' dir='ltr'>principum</span> <span class='ocrx_word' id='word_1_61' title='bbox 940 681 1069 715; x_wconf 88' lang='lat' dir='ltr'>animos</span> <span class='ocrx_word' id='word_1_62' title='bbox 1100 692 1314 725; x_wconf 80' lang='lat' dir='ltr'>nequaquam</span> <span class='ocrx_word' id='word_1_63' title='bbox 1345 681 1522 716; x_wconf 87' lang='lat' dir='ltr'>unanimes</span> <span class='ocrx_word' id='word_1_64' title='bbox 1545 692 1788 727; x_wconf 76' lang='lat' dir='ltr'>usquequaque</span> <span class='ocrx_word' id='word_1_65' title='bbox 1825 683 2005 728; x_wconf 76' lang='lat' dir='ltr'>persensit,</span> 
     </span>
     <span class='ocr_line' id='line_1_9' title="bbox 472 726 1612 771; baseline 0.002 -11"><span class='ocrx_word' id='word_1_66' title='bbox 472 726 649 760; x_wconf 73' lang='lat' dir='ltr'>eonsilimn</span> <span class='ocrx_word' id='word_1_67' title='bbox 675 737 774 760; x_wconf 91' lang='lat' dir='ltr'>suum</span> <span class='ocrx_word' id='word_1_68' title='bbox 798 728 833 760; x_wconf 89' lang='lat' dir='ltr'>et</span> <span class='ocrx_word' id='word_1_69' title='bbox 857 729 1031 771; x_wconf 88' lang='lat' dir='ltr'>aspectum</span> <span class='ocrx_word' id='word_1_70' title='bbox 1056 727 1168 760; x_wconf 87' lang='lat' dir='ltr'>curiae</span> <span class='ocrx_word' id='word_1_71' title='bbox 1192 727 1262 760; x_wconf 90' lang='lat' dir='ltr'>iam</span> <span class='ocrx_word' id='word_1_72' title='bbox 1286 727 1406 760; x_wconf 85' lang='lat' dir='ltr'>exinde</span> <span class='ocrx_word' id='word_1_73' title='bbox 1431 728 1612 762; x_wconf 81' lang='lat' dir='ltr'>subtraxit.</span> 
     </span>
    </p>

    <p class='ocr_par' dir='ltr' id='par_1_3' title="bbox 587 772 2006 819">
     <span class='ocr_line' id='line_1_10' title="bbox 587 772 2006 819; baseline 0.003 -13"><span class='ocrx_word' id='word_1_74' title='bbox 587 775 619 808; x_wconf 85' lang='lat'>4.</span> <span class='ocrx_word' id='word_1_75' title='bbox 643 772 807 806; x_wconf 84' lang='lat' dir='ltr'>Videntes</span> <span class='ocrx_word' id='word_1_76' title='bbox 832 783 911 815; x_wconf 74' lang='lat' dir='ltr'>ergo</span> <span class='ocrx_word' id='word_1_77' title='bbox 935 773 1102 817; x_wconf 73' lang='lat' dir='ltr'>principes</span> <span class='ocrx_word' id='word_1_78' title='bbox 1129 774 1263 806; x_wconf 87' lang='lat' dir='ltr'>tantam</span> <span class='ocrx_word' id='word_1_79' title='bbox 1290 773 1385 806; x_wconf 90' lang='lat' dir='ltr'>ducis</span> <span class='ocrx_word' id='word_1_80' title='bbox 1410 773 1632 808; x_wconf 76' lang='lat' dir='ltr'>ambicionem</span> <span class='ocrx_word' id='word_1_81' title='bbox 1657 775 1798 819; x_wconf 85' lang='lat' dir='ltr'>tamque</span> <span class='ocrx_word' id='word_1_82' title='bbox 1822 774 2006 810; x_wconf 78' lang='lat' dir='ltr'>violentam</span> 
     </span>
    </p>

    <p class='ocr_par' dir='ltr' id='par_1_4' title="bbox 470 818 2008 1452">
     <span class='ocr_line' id='line_1_11' title="bbox 497 818 2006 864; baseline 0.002 -12"><span class='ocrx_word' id='word_1_83' title='bbox 497 819 570 852; x_wconf 81' lang='lat' dir='ltr'>nasi</span> <span class='ocrx_word' id='word_1_84' title='bbox 589 818 724 852; x_wconf 83' lang='lat' dir='ltr'>debitae</span> <span class='ocrx_word' id='word_1_85' title='bbox 741 818 806 852; x_wconf 87' lang='lat' dir='ltr'>sibi</span> <span class='ocrx_word' id='word_1_86' title='bbox 824 819 1007 862; x_wconf 86' lang='lat' dir='ltr'>potestatis</span> <span class='ocrx_word' id='word_1_87' title='bbox 1023 819 1241 861; x_wconf 84' lang='lat' dir='ltr'>exactionem,</span> <span class='ocrx_word' id='word_1_88' title='bbox 1268 830 1370 864; x_wconf 88' lang='lat' dir='ltr'>quam</span> <span class='ocrx_word' id='word_1_89' title='bbox 1388 821 1467 853; x_wconf 88' lang='lat' dir='ltr'>ante</span> <span class='ocrx_word' id='word_1_90' title='bbox 1485 820 1761 854; x_wconf 82' lang='lat' dir='ltr'>sublimationem</span> <span class='ocrx_word' id='word_1_91' title='bbox 1787 819 1870 855; x_wconf 87' lang='lat' dir='ltr'>adeo</span> <span class='ocrx_word' id='word_1_92' title='bbox 1893 820 2006 855; x_wconf 85' lang='lat' dir='ltr'>efferri</span> 
     </span>
     <span class='ocr_line' id='line_1_12' title="bbox 472 830 2007 910; baseline 0.003 -13"><span class='ocrx_word' id='word_1_93' title='bbox 472 830 705 908; x_wconf 67' lang='lat' dir='ltr'>dominarique</span> <span class='ocrx_word' id='word_1_94' title='bbox 742 864 923 906; x_wconf 87' lang='lat' dir='ltr'>videbant,</span> <span class='ocrx_word' id='word_1_95' title='bbox 960 876 1002 899; x_wconf 90' lang='lat' dir='ltr'>ne</span> <span class='ocrx_word' id='word_1_96' title='bbox 1037 865 1172 909; x_wconf 87' lang='lat' dir='ltr'>quando</span> <span class='ocrx_word' id='word_1_97' title='bbox 1206 865 1273 898; x_wconf 89' lang='lat' dir='ltr'>sibi</span> <span class='ocrx_word' id='word_1_98' title='bbox 1306 865 1523 910; x_wconf 86' lang='lat' dir='ltr'>preficeretur</span> <span class='ocrx_word' id='word_1_99' title='bbox 1555 866 1764 900; x_wconf 78' lang='lat' dir='ltr'>unanimiter</span> <span class='ocrx_word' id='word_1_100' title='bbox 1793 865 2007 902; x_wconf 77' lang='lat' dir='ltr'>refellebant.</span> 
     </span>
     <span class='ocr_line' id='line_1_13' title="bbox 471 910 2007 956; baseline 0.002 -12"><span class='ocrx_word' id='word_1_101' title='bbox 471 911 613 944; x_wconf 87' lang='lat' dir='ltr'>Postera</span> <span class='ocrx_word' id='word_1_102' title='bbox 650 921 726 944; x_wconf 90' lang='lat' dir='ltr'>vero</span> <span class='ocrx_word' id='word_1_103' title='bbox 765 910 819 944; x_wconf 88' lang='lat' dir='ltr'>die</span> <span class='ocrx_word' id='word_1_104' title='bbox 855 910 1070 954; x_wconf 82' lang='lat' dir='ltr'>congregatis</span> <span class='ocrx_word' id='word_1_105' title='bbox 1107 911 1143 944; x_wconf 93' lang='lat' dir='ltr'>in</span> <span class='ocrx_word' id='word_1_106' title='bbox 1179 911 1215 944; x_wconf 90' lang='lat' dir='ltr'>id</span> <span class='ocrx_word' id='word_1_107' title='bbox 1249 911 1361 956; x_wconf 90' lang='lat' dir='ltr'>ipsum</span> <span class='ocrx_word' id='word_1_108' title='bbox 1397 911 1627 956; x_wconf 88' lang='lat' dir='ltr'>principibus,</span> <span class='ocrx_word' id='word_1_109' title='bbox 1664 923 1742 946; x_wconf 89' lang='lat' dir='ltr'>cum</span> <span class='ocrx_word' id='word_1_110' title='bbox 1771 912 1907 946; x_wconf 87' lang='lat' dir='ltr'>abesset</span> <span class='ocrx_word' id='word_1_111' title='bbox 1937 913 2007 947; x_wconf 82' lang='lat' dir='ltr'>dux</span> 
     </span>
     <span class='ocr_line' id='line_1_14' title="bbox 471 955 2006 1004; baseline 0.002 -14"><span class='ocrx_word' id='word_1_112' title='bbox 471 955 664 990; x_wconf 85' lang='lat' dir='ltr'>Fridericus</span> <span class='ocrx_word' id='word_1_113' title='bbox 697 959 732 990; x_wconf 91' lang='lat' dir='ltr'>et</span> <span class='ocrx_word' id='word_1_114' title='bbox 765 967 839 989; x_wconf 87' lang='lat' dir='ltr'>cum</span> <span class='ocrx_word' id='word_1_115' title='bbox 866 967 904 990; x_wconf 90' lang='lat' dir='ltr'>eo</span> <span class='ocrx_word' id='word_1_116' title='bbox 929 957 996 990; x_wconf 88' lang='lat' dir='ltr'>dux</span> <span class='ocrx_word' id='word_1_117' title='bbox 1021 957 1236 1000; x_wconf 89' lang='lat' dir='ltr'>Bawaricus,</span> <span class='ocrx_word' id='word_1_118' title='bbox 1275 957 1454 1002; x_wconf 87' lang='lat' dir='ltr'>requisivit</span> <span class='ocrx_word' id='word_1_119' title='bbox 1477 957 1697 1002; x_wconf 88' lang='lat' dir='ltr'>Mogontinus</span> <span class='ocrx_word' id='word_1_120' title='bbox 1722 958 2006 1004; x_wconf 86' lang='lat' dir='ltr'>archiepiscopus,</span> 
     </span>
     <span class='ocr_line' id='line_1_15' title="bbox 474 1002 2008 1048; baseline 0.002 -12"><span class='ocrx_word' id='word_1_121' title='bbox 474 1005 589 1036; x_wconf 85' lang='lat' dir='ltr'>utrum</span> <span class='ocrx_word' id='word_1_122' title='bbox 607 1005 749 1047; x_wconf 85' lang='lat' dir='ltr'>uterque</span> <span class='ocrx_word' id='word_1_123' title='bbox 767 1002 1016 1036; x_wconf 86' lang='lat' dir='ltr'>nominatorum</span> <span class='ocrx_word' id='word_1_124' title='bbox 1033 1003 1068 1036; x_wconf 89' lang='lat' dir='ltr'>in</span> <span class='ocrx_word' id='word_1_125' title='bbox 1087 1003 1249 1037; x_wconf 83' lang='lat' dir='ltr'>electione</span> <span class='ocrx_word' id='word_1_126' title='bbox 1274 1003 1465 1048; x_wconf 88' lang='lat' dir='ltr'>principum</span> <span class='ocrx_word' id='word_1_127' title='bbox 1490 1003 1548 1048; x_wconf 90' lang='lat' dir='ltr'>qui</span> <span class='ocrx_word' id='word_1_128' title='bbox 1574 1004 1727 1046; x_wconf 80' lang='lat' dir='ltr'>aderant,</span> <span class='ocrx_word' id='word_1_129' title='bbox 1751 1003 1903 1039; x_wconf 83' lang='lat' dir='ltr'>refutata</span> <span class='ocrx_word' id='word_1_130' title='bbox 1927 1014 1948 1039; x_wconf 80' lang='lat' dir='ltr'>a</span> <span class='ocrx_word' id='word_1_131' title='bbox 1971 1015 2008 1039; x_wconf 87' lang='lat' dir='ltr'>se</span> 
     </span>
     <span class='ocr_line' id='line_1_16' title="bbox 473 1048 2008 1096; baseline 0.001 -14"><span class='ocrx_word' id='word_1_132' title='bbox 473 1049 706 1092; x_wconf 79' lang='lat' dir='ltr'>designatione</span> <span class='ocrx_word' id='word_1_133' title='bbox 722 1049 900 1093; x_wconf 85' lang='lat' dir='ltr'>premissa,</span> <span class='ocrx_word' id='word_1_134' title='bbox 927 1049 1138 1083; x_wconf 81' lang='lat' dir='ltr'>concorditer</span> <span class='ocrx_word' id='word_1_135' title='bbox 1154 1051 1190 1082; x_wconf 89' lang='lat' dir='ltr'>et</span> <span class='ocrx_word' id='word_1_136' title='bbox 1212 1049 1359 1093; x_wconf 84' lang='lat' dir='ltr'>benigne</span> <span class='ocrx_word' id='word_1_137' title='bbox 1382 1050 1420 1083; x_wconf 88' lang='lat' dir='ltr'>in</span> <span class='ocrx_word' id='word_1_138' title='bbox 1445 1048 1604 1093; x_wconf 84' lang='lat' dir='ltr'>eligenda</span> <span class='ocrx_word' id='word_1_139' title='bbox 1628 1060 1839 1095; x_wconf 84' lang='lat' dir='ltr'>quacumque</span> <span class='ocrx_word' id='word_1_140' title='bbox 1864 1060 2008 1096; x_wconf 87' lang='lat' dir='ltr'>persona</span> 
     </span>
     <span class='ocr_line' id='line_1_17' title="bbox 471 1094 2008 1140; baseline 0.002 -12"><span class='ocrx_word' id='word_1_141' title='bbox 471 1095 660 1139; x_wconf 83' lang='lat' dir='ltr'>principum</span> <span class='ocrx_word' id='word_1_142' title='bbox 697 1095 866 1128; x_wconf 87' lang='lat' dir='ltr'>voluntati</span> <span class='ocrx_word' id='word_1_143' title='bbox 899 1095 1026 1129; x_wconf 86' lang='lat' dir='ltr'>vellent</span> <span class='ocrx_word' id='word_1_144' title='bbox 1057 1096 1195 1140; x_wconf 87' lang='lat' dir='ltr'>prebere</span> <span class='ocrx_word' id='word_1_145' title='bbox 1220 1106 1429 1129; x_wconf 89' lang='lat' dir='ltr'>consensum.</span> <span class='ocrx_word' id='word_1_146' title='bbox 1479 1094 1576 1137; x_wconf 87' lang='lat' dir='ltr'>Quod</span> <span class='ocrx_word' id='word_1_147' title='bbox 1607 1095 1785 1130; x_wconf 88' lang='lat' dir='ltr'>humiliter</span> <span class='ocrx_word' id='word_1_148' title='bbox 1817 1098 1854 1130; x_wconf 89' lang='lat' dir='ltr'>et</span> <span class='ocrx_word' id='word_1_149' title='bbox 1889 1095 2008 1131; x_wconf 85' lang='lat' dir='ltr'>devote</span> 
     </span>
     <span class='ocr_line' id='line_1_18' title="bbox 471 1140 2006 1188; baseline 0.002 -14"><span class='ocrx_word' id='word_1_150' title='bbox 471 1140 572 1174; x_wconf 88' lang='lat' dir='ltr'>simul</span> <span class='ocrx_word' id='word_1_151' title='bbox 586 1141 706 1185; x_wconf 90' lang='lat' dir='ltr'>utique</span> <span class='ocrx_word' id='word_1_152' title='bbox 723 1141 924 1183; x_wconf 86' lang='lat' dir='ltr'>laudabant,</span> <span class='ocrx_word' id='word_1_153' title='bbox 950 1143 986 1175; x_wconf 88' lang='lat' dir='ltr'>et</span> <span class='ocrx_word' id='word_1_154' title='bbox 1004 1141 1101 1186; x_wconf 84' lang='lat' dir='ltr'>quasi</span> <span class='ocrx_word' id='word_1_155' title='bbox 1120 1152 1187 1175; x_wconf 90' lang='grc'>11011</span> <span class='ocrx_word' id='word_1_156' title='bbox 1209 1141 1355 1186; x_wconf 87' lang='lat' dir='ltr'>amplius</span> <span class='ocrx_word' id='word_1_157' title='bbox 1374 1141 1583 1175; x_wconf 85' lang='lat' dir='ltr'>sollicitandi</span> <span class='ocrx_word' id='word_1_158' title='bbox 1600 1141 1660 1176; x_wconf 91' lang='lat' dir='ltr'>sed</span> <span class='ocrx_word' id='word_1_159' title='bbox 1685 1141 1727 1176; x_wconf 89' lang='lat' dir='ltr'>de</span> <span class='ocrx_word' id='word_1_160' title='bbox 1752 1141 1818 1176; x_wconf 80' lang='lat' dir='ltr'>alio</span> <span class='ocrx_word' id='word_1_161' title='bbox 1846 1142 2006 1188; x_wconf 82' lang='lat' dir='ltr'>quopiam</span> 
     </span>
     <span class='ocr_line' id='line_1_19' title="bbox 470 1187 2006 1230; baseline 0.001 -10"><span class='ocrx_word' id='word_1_162' title='bbox 470 1187 625 1230; x_wconf 85' lang='lat' dir='ltr'>eligendo</span> <span class='ocrx_word' id='word_1_163' title='bbox 650 1187 799 1229; x_wconf 75' lang='lat' dir='ltr'>solliciti,</span> <span class='ocrx_word' id='word_1_164' title='bbox 826 1187 927 1221; x_wconf 88' lang='lat' dir='ltr'>simul</span> <span class='ocrx_word' id='word_1_165' title='bbox 952 1188 988 1221; x_wconf 90' lang='lat' dir='ltr'>in</span> <span class='ocrx_word' id='word_1_166' title='bbox 1012 1198 1080 1221; x_wconf 89' lang='lat' dir='ltr'>una</span> <span class='ocrx_word' id='word_1_167' title='bbox 1106 1187 1184 1221; x_wconf 90' lang='lat' dir='ltr'>sede</span> <span class='ocrx_word' id='word_1_168' title='bbox 1209 1187 1440 1222; x_wconf 83' lang='lat' dir='ltr'>considebant.</span> <span class='ocrx_word' id='word_1_169' title='bbox 1479 1187 1624 1222; x_wconf 88' lang='lat' dir='ltr'>Proinde</span> <span class='ocrx_word' id='word_1_170' title='bbox 1649 1198 1736 1230; x_wconf 88' lang='lat' dir='ltr'>cum,</span> <span class='ocrx_word' id='word_1_171' title='bbox 1762 1187 1912 1223; x_wconf 83' lang='lat' dir='ltr'>dimissis</span> <span class='ocrx_word' id='word_1_172' title='bbox 1936 1188 2006 1223; x_wconf 84' lang='lat' dir='ltr'>iam</span> 
     </span>
     <span class='ocr_line' id='line_1_20' title="bbox 470 1233 2006 1278; baseline 0.002 -12"><span class='ocrx_word' id='word_1_173' title='bbox 470 1233 725 1277; x_wconf 84' lang='lat' dir='ltr'>prenominatis,</span> <span class='ocrx_word' id='word_1_174' title='bbox 744 1233 912 1277; x_wconf 84' lang='lat' dir='ltr'>principes</span> <span class='ocrx_word' id='word_1_175' title='bbox 929 1233 1192 1267; x_wconf 85' lang='lat' dir='ltr'>admonerentur</span> <span class='ocrx_word' id='word_1_176' title='bbox 1206 1235 1246 1267; x_wconf 89' lang='lat' dir='ltr'>ut</span> <span class='ocrx_word' id='word_1_177' title='bbox 1262 1233 1508 1268; x_wconf 72' lang='lat' dir='ltr'>commimicato</span> <span class='ocrx_word' id='word_1_178' title='bbox 1533 1234 1673 1268; x_wconf 80' lang='lat' dir='ltr'>consilio</span> <span class='ocrx_word' id='word_1_179' title='bbox 1700 1233 1859 1278; x_wconf 79' lang='lat' dir='ltr'>diligenti</span> <span class='ocrx_word' id='word_1_180' title='bbox 1874 1234 2006 1269; x_wconf 73' lang='lat' dir='ltr'>rafione</span> 
     </span>
     <span class='ocr_line' id='line_1_21' title="bbox 473 1279 2006 1326; baseline 0.002 -14"><span class='ocrx_word' id='word_1_181' title='bbox 473 1289 650 1324; x_wconf 89' lang='lat' dir='ltr'>personam</span> <span class='ocrx_word' id='word_1_182' title='bbox 675 1281 869 1323; x_wconf 86' lang='lat' dir='ltr'>quererent,</span> <span class='ocrx_word' id='word_1_183' title='bbox 904 1290 1006 1324; x_wconf 88' lang='lat' dir='ltr'>quam</span> <span class='ocrx_word' id='word_1_184' title='bbox 1032 1279 1216 1314; x_wconf 87' lang='lat' dir='ltr'>secundum</span> <span class='ocrx_word' id='word_1_185' title='bbox 1241 1279 1352 1313; x_wconf 91' lang='lat' dir='ltr'>Deum</span> <span class='ocrx_word' id='word_1_186' title='bbox 1376 1282 1412 1313; x_wconf 85' lang='lat' dir='ltr'>et</span> <span class='ocrx_word' id='word_1_187' title='bbox 1437 1279 1597 1314; x_wconf 89' lang='lat' dir='ltr'>honorem</span> <span class='ocrx_word' id='word_1_188' title='bbox 1622 1279 1783 1314; x_wconf 88' lang='lat' dir='ltr'>ecclesiae</span> <span class='ocrx_word' id='word_1_189' title='bbox 1805 1291 1910 1324; x_wconf 85' lang='lat' dir='ltr'>regno</span> <span class='ocrx_word' id='word_1_190' title='bbox 1933 1291 2006 1326; x_wconf 86' lang='lat' dir='ltr'>pre-</span> 
     </span>
     <span class='ocr_line' id='line_1_22' title="bbox 472 1324 2001 1371; baseline 0.002 -13"><span class='ocrx_word' id='word_1_191' title='bbox 472 1324 629 1367; x_wconf 87' lang='lat' dir='ltr'>ficerent,</span> <span class='ocrx_word' id='word_1_192' title='bbox 665 1325 777 1359; x_wconf 88' lang='lat' dir='ltr'>subito</span> <span class='ocrx_word' id='word_1_193' title='bbox 812 1336 832 1359; x_wconf 90' lang='lat' dir='ltr'>a</span> <span class='ocrx_word' id='word_1_194' title='bbox 855 1325 952 1360; x_wconf 86' lang='lat' dir='ltr'>laicis</span> <span class='ocrx_word' id='word_1_195' title='bbox 978 1337 1081 1371; x_wconf 86' lang='lat' dir='ltr'>quam</span> <span class='ocrx_word' id='word_1_196' title='bbox 1105 1326 1277 1370; x_wconf 85' lang='lat' dir='ltr'>pluribus:</span> <span class='ocrx_word' id='word_1_197' title='bbox 1307 1325 1490 1359; x_wconf 86' lang='lat' dir='ltr'>Lotharius</span> <span class='ocrx_word' id='word_1_198' title='bbox 1515 1337 1572 1359; x_wconf 86' lang='lat' dir='ltr'>rex</span> <span class='ocrx_word' id='word_1_199' title='bbox 1597 1326 1659 1360; x_wconf 91' lang='lat' dir='ltr'>sit!</span> <span class='ocrx_word' id='word_1_200' title='bbox 1693 1325 1821 1360; x_wconf 81' lang='lat' dir='ltr'>clamor</span> <span class='ocrx_word' id='word_1_201' title='bbox 1843 1326 2001 1362; x_wconf 80' lang='lat' dir='ltr'>exoritur.</span> 
     </span>
     <span class='ocr_line' id='line_1_23' title="bbox 470 1371 2006 1416; baseline 0.001 -12"><span class='ocrx_word' id='word_1_202' title='bbox 470 1371 653 1404; x_wconf 88' lang='lat' dir='ltr'>Lotharius</span> <span class='ocrx_word' id='word_1_203' title='bbox 670 1371 812 1416; x_wconf 85' lang='lat' dir='ltr'>rapitur,</span> <span class='ocrx_word' id='word_1_204' title='bbox 837 1371 1022 1406; x_wconf 83' lang='lat' dir='ltr'>Lotharius</span> <span class='ocrx_word' id='word_1_205' title='bbox 1039 1372 1190 1406; x_wconf 88' lang='lat' dir='ltr'>humeris</span> <span class='ocrx_word' id='word_1_206' title='bbox 1206 1372 1402 1416; x_wconf 89' lang='lat' dir='ltr'>imponitur,</span> <span class='ocrx_word' id='word_1_207' title='bbox 1427 1374 1463 1406; x_wconf 90' lang='lat' dir='ltr'>et</span> <span class='ocrx_word' id='word_1_208' title='bbox 1478 1372 1582 1415; x_wconf 85' lang='lat' dir='ltr'>regiis</span> <span class='ocrx_word' id='word_1_209' title='bbox 1605 1371 1767 1406; x_wconf 85' lang='lat' dir='ltr'>laudibus</span> <span class='ocrx_word' id='word_1_210' title='bbox 1790 1371 1940 1414; x_wconf 81' lang='lat' dir='ltr'>renitens</span> <span class='ocrx_word' id='word_1_211' title='bbox 1966 1383 2006 1406; x_wconf 81' lang='lat' dir='ltr'>ac</span> 
     </span>
     <span class='ocr_line' id='line_1_24' title="bbox 470 1417 867 1452; baseline 0.003 -2"><span class='ocrx_word' id='word_1_212' title='bbox 470 1418 659 1451; x_wconf 83' lang='lat' dir='ltr'>reclamans</span> <span class='ocrx_word' id='word_1_213' title='bbox 684 1417 867 1452; x_wconf 86' lang='lat' dir='ltr'>extollitur.</span> 
     </span>
    </p>

    <p class='ocr_par' dir='ltr' id='par_1_5' title="bbox 470 1463 2008 2522">
     <span class='ocr_line' id='line_1_25' title="bbox 591 1463 2006 1510; baseline 0.001 -13"><span class='ocrx_word' id='word_1_214' title='bbox 591 1467 621 1497; x_wconf 75' lang='lat'>5.</span> <span class='ocrx_word' id='word_1_215' title='bbox 647 1463 821 1508; x_wconf 87' lang='lat' dir='ltr'>Principes</span> <span class='ocrx_word' id='word_1_216' title='bbox 838 1475 914 1498; x_wconf 88' lang='lat' dir='ltr'>vero</span> <span class='ocrx_word' id='word_1_217' title='bbox 931 1475 1033 1508; x_wconf 89' lang='lat' dir='ltr'>quam</span> <span class='ocrx_word' id='word_1_218' title='bbox 1050 1464 1188 1509; x_wconf 88' lang='lat' dir='ltr'>plurimi</span> <span class='ocrx_word' id='word_1_219' title='bbox 1204 1464 1416 1508; x_wconf 87' lang='lat' dir='ltr'>maximeque</span> <span class='ocrx_word' id='word_1_220' title='bbox 1431 1464 1628 1498; x_wconf 86' lang='lat' dir='ltr'>Bawaricae</span> <span class='ocrx_word' id='word_1_221' title='bbox 1643 1463 1834 1509; x_wconf 80' lang='lat' dir='ltr'>provinciae</span> <span class='ocrx_word' id='word_1_222' title='bbox 1857 1463 2006 1510; x_wconf 84' lang='lat' dir='ltr'>episcopi</span> 
     </span>
     <span class='ocr_line' id='line_1_26' title="bbox 474 1509 2008 1556; baseline 0.001 -14"><span class='ocrx_word' id='word_1_223' title='bbox 474 1521 544 1543; x_wconf 93' lang='lat' dir='ltr'>rem</span> <span class='ocrx_word' id='word_1_224' title='bbox 561 1511 695 1543; x_wconf 80' lang='lat' dir='ltr'>tantam</span> <span class='ocrx_word' id='word_1_225' title='bbox 711 1509 901 1544; x_wconf 85' lang='lat' dir='ltr'>inconsulte</span> <span class='ocrx_word' id='word_1_226' title='bbox 925 1513 962 1544; x_wconf 88' lang='lat' dir='ltr'>et</span> <span class='ocrx_word' id='word_1_227' title='bbox 976 1511 1151 1556; x_wconf 90' lang='lat' dir='ltr'>inpetuose</span> <span class='ocrx_word' id='word_1_228' title='bbox 1175 1510 1303 1544; x_wconf 84' lang='lat' dir='ltr'>factam</span> <span class='ocrx_word' id='word_1_229' title='bbox 1328 1510 1560 1552; x_wconf 83' lang='lat' dir='ltr'>abhorrentes,</span> <span class='ocrx_word' id='word_1_230' title='bbox 1585 1512 1622 1544; x_wconf 88' lang='lat' dir='ltr'>et</span> <span class='ocrx_word' id='word_1_231' title='bbox 1645 1521 1680 1544; x_wconf 90' lang='lat' dir='ltr'>se</span> <span class='ocrx_word' id='word_1_232' title='bbox 1706 1509 1748 1544; x_wconf 85' lang='lat' dir='ltr'>de</span> <span class='ocrx_word' id='word_1_233' title='bbox 1773 1509 1911 1544; x_wconf 89' lang='lat' dir='ltr'>sedibus</span> <span class='ocrx_word' id='word_1_234' title='bbox 1935 1510 2008 1544; x_wconf 80' lang='lat' dir='ltr'>suis</span> 
     </span>
     <span class='ocr_line' id='line_1_27' title="bbox 475 1555 2007 1600; baseline 0.001 -11"><span class='ocrx_word' id='word_1_235' title='bbox 475 1555 692 1600; x_wconf 87' lang='lat' dir='ltr'>perturbatos</span> <span class='ocrx_word' id='word_1_236' title='bbox 718 1555 835 1589; x_wconf 87' lang='lat' dir='ltr'>debita</span> <span class='ocrx_word' id='word_1_237' title='bbox 859 1567 935 1590; x_wconf 89' lang='lat' dir='ltr'>cum</span> <span class='ocrx_word' id='word_1_238' title='bbox 959 1557 1196 1600; x_wconf 81' lang='lat' dir='ltr'>indignatione</span> <span class='ocrx_word' id='word_1_239' title='bbox 1221 1558 1463 1600; x_wconf 89' lang='lat' dir='ltr'>conquerentes</span> <span class='ocrx_word' id='word_1_240' title='bbox 1476 1583 1484 1598; x_wconf 91' lang='lat'>,</span> <span class='ocrx_word' id='word_1_241' title='bbox 1516 1557 1558 1590; x_wconf 83' lang='lat' dir='ltr'>ab</span> <span class='ocrx_word' id='word_1_242' title='bbox 1585 1556 1662 1590; x_wconf 88' lang='lat' dir='ltr'>aliis</span> <span class='ocrx_word' id='word_1_243' title='bbox 1685 1555 1768 1590; x_wconf 82' lang='lat' dir='ltr'>irati</span> <span class='ocrx_word' id='word_1_244' title='bbox 1792 1555 1947 1590; x_wconf 85' lang='lat' dir='ltr'>secedere</span> <span class='ocrx_word' id='word_1_245' title='bbox 1970 1559 2007 1591; x_wconf 88' lang='lat' dir='ltr'>et</span> 
     </span>
     <span class='ocr_line' id='line_1_28' title="bbox 471 1601 2006 1647; baseline 0.001 -12"><span class='ocrx_word' id='word_1_246' title='bbox 471 1613 608 1646; x_wconf 90' lang='lat' dir='ltr'>prorsus</span> <span class='ocrx_word' id='word_1_247' title='bbox 627 1613 647 1634; x_wconf 85' lang='lat' dir='ltr'>a</span> <span class='ocrx_word' id='word_1_248' title='bbox 663 1601 757 1635; x_wconf 86' lang='lat' dir='ltr'>curia</span> <span class='ocrx_word' id='word_1_249' title='bbox 773 1602 897 1636; x_wconf 87' lang='lat' dir='ltr'>infecto</span> <span class='ocrx_word' id='word_1_250' title='bbox 919 1603 1055 1646; x_wconf 79' lang='lat' dir='ltr'>negotio</span> <span class='ocrx_word' id='word_1_251' title='bbox 1079 1603 1233 1637; x_wconf 88' lang='lat' dir='ltr'>recedere</span> <span class='ocrx_word' id='word_1_252' title='bbox 1257 1602 1437 1647; x_wconf 86' lang='lat' dir='ltr'>parabant.</span> <span class='ocrx_word' id='word_1_253' title='bbox 1479 1601 1700 1646; x_wconf 85' lang='lat' dir='ltr'>Mogontinus</span> <span class='ocrx_word' id='word_1_254' title='bbox 1723 1612 1801 1636; x_wconf 81' lang='lat' dir='ltr'>vero</span> <span class='ocrx_word' id='word_1_255' title='bbox 1825 1612 1902 1637; x_wconf 86' lang='lat' dir='ltr'>cum</span> <span class='ocrx_word' id='word_1_256' title='bbox 1927 1601 2006 1637; x_wconf 73' lang='lat' dir='ltr'>aliis</span> 
     </span>
     <span class='ocr_line' id='line_1_29' title="bbox 471 1647 2003 1694; baseline 0.001 -14"><span class='ocrx_word' id='word_1_257' title='bbox 471 1647 675 1692; x_wconf 79' lang='lat' dir='ltr'>quibusdam</span> <span class='ocrx_word' id='word_1_258' title='bbox 687 1647 897 1692; x_wconf 89' lang='lat' dir='ltr'>principibus</span> <span class='ocrx_word' id='word_1_259' title='bbox 909 1648 1070 1692; x_wconf 87' lang='lat' dir='ltr'>hostium,</span> <span class='ocrx_word' id='word_1_260' title='bbox 1087 1661 1129 1683; x_wconf 92' lang='lat' dir='ltr'>ne</span> <span class='ocrx_word' id='word_1_261' title='bbox 1146 1649 1222 1694; x_wconf 91' lang='lat' dir='ltr'>quis</span> <span class='ocrx_word' id='word_1_262' title='bbox 1236 1648 1452 1691; x_wconf 82' lang='lat' dir='ltr'>egrederetur</span> <span class='ocrx_word' id='word_1_263' title='bbox 1466 1649 1518 1682; x_wconf 90' lang='lat' dir='ltr'>vel</span> <span class='ocrx_word' id='word_1_264' title='bbox 1533 1648 1781 1692; x_wconf 75' lang='lat' dir='ltr'>ingrederetur,</span> <span class='ocrx_word' id='word_1_265' title='bbox 1795 1647 1966 1683; x_wconf 80' lang='lat' dir='ltr'>observari</span> <span class='ocrx_word' id='word_1_266' title='bbox 1976 1651 2003 1684; x_wconf 69' lang='grc' dir='ltr'>ι)</span> 
     </span>
     <span class='ocr_line' id='line_1_30' title="bbox 470 1693 2005 1739; baseline 0.001 -13"><span class='ocrx_word' id='word_1_267' title='bbox 470 1693 636 1738; x_wconf 79' lang='lat' dir='ltr'>precepit3</span> <span class='ocrx_word' id='word_1_268' title='bbox 670 1693 747 1727; x_wconf 90' lang='lat' dir='ltr'>istis</span> <span class='ocrx_word' id='word_1_269' title='bbox 783 1705 895 1737; x_wconf 78' lang='lat' dir='ltr'>regem</span> <span class='ocrx_word' id='word_1_270' title='bbox 929 1706 1027 1728; x_wconf 77' lang='lat' dir='ltr'>smmi</span> <span class='ocrx_word' id='word_1_271' title='bbox 1059 1695 1196 1729; x_wconf 88' lang='lat' dir='ltr'>deintus</span> <span class='ocrx_word' id='word_1_272' title='bbox 1229 1694 1458 1739; x_wconf 88' lang='lat' dir='ltr'>concrepando</span> <span class='ocrx_word' id='word_1_273' title='bbox 1492 1693 1824 1736; x_wconf 87' lang='lat' dir='ltr'>circumferentibus,</span> <span class='ocrx_word' id='word_1_274' title='bbox 1854 1693 1926 1728; x_wconf 85' lang='lat' dir='ltr'>illis</span> <span class='ocrx_word' id='word_1_275' title='bbox 1961 1693 2005 1728; x_wconf 85' lang='lat' dir='ltr'>ad</span> 
     </span>
     <span class='ocr_line' id='line_1_31' title="bbox 470 1739 2004 1784; baseline 0.001 -12"><span class='ocrx_word' id='word_1_276' title='bbox 470 1740 606 1773; x_wconf 90' lang='lat' dir='ltr'>laudem</span> <span class='ocrx_word' id='word_1_277' title='bbox 642 1739 732 1782; x_wconf 84' lang='lat' dir='ltr'>regis</span> <span class='ocrx_word' id='word_1_278' title='bbox 768 1751 867 1784; x_wconf 90' lang='lat' dir='ltr'>quem</span> <span class='ocrx_word' id='word_1_279' title='bbox 906 1741 1111 1784; x_wconf 82' lang='lat' dir='ltr'>ignorabant</span> <span class='ocrx_word' id='word_1_280' title='bbox 1146 1740 1269 1775; x_wconf 77' lang='lat' dir='ltr'>deforis</span> <span class='ocrx_word' id='word_1_281' title='bbox 1306 1751 1383 1774; x_wconf 91' lang='lat' dir='ltr'>cum</span> <span class='ocrx_word' id='word_1_282' title='bbox 1421 1751 1552 1774; x_wconf 89' lang='lat' dir='ltr'>summo</span> <span class='ocrx_word' id='word_1_283' title='bbox 1596 1740 1741 1774; x_wconf 86' lang='lat' dir='ltr'>clamore</span> <span class='ocrx_word' id='word_1_284' title='bbox 1777 1740 2004 1774; x_wconf 71' lang='lat' dir='ltr'>currentibus,</span> 
     </span>
     <span class='ocr_line' id='line_1_32' title="bbox 470 1785 2005 1832; baseline 0.001 -13"><span class='ocrx_word' id='word_1_285' title='bbox 470 1785 621 1820; x_wconf 89' lang='lat' dir='ltr'>Tandem</span> <span class='ocrx_word' id='word_1_286' title='bbox 645 1797 721 1819; x_wconf 93' lang='lat' dir='ltr'>cum</span> <span class='ocrx_word' id='word_1_287' title='bbox 745 1786 935 1831; x_wconf 84' lang='lat' dir='ltr'>principum</span> <span class='ocrx_word' id='word_1_288' title='bbox 961 1787 1126 1821; x_wconf 86' lang='lat' dir='ltr'>dissensio</span> <span class='ocrx_word' id='word_1_289' title='bbox 1150 1787 1219 1821; x_wconf 89' lang='lat' dir='ltr'>iam</span> <span class='ocrx_word' id='word_1_290' title='bbox 1244 1789 1391 1831; x_wconf 71' lang='lat' dir='ltr'>ecusque</span> <span class='ocrx_word' id='word_1_291' title='bbox 1415 1786 1611 1832; x_wconf 88' lang='lat' dir='ltr'>procederet</span> <span class='ocrx_word' id='word_1_292' title='bbox 1633 1788 1675 1820; x_wconf 90' lang='lat' dir='ltr'>ut</span> <span class='ocrx_word' id='word_1_293' title='bbox 1697 1787 1733 1820; x_wconf 91' lang='lat' dir='ltr'>et</span> <span class='ocrx_word' id='word_1_294' title='bbox 1754 1785 1938 1820; x_wconf 84' lang='lat' dir='ltr'>Lotharius</span> <span class='ocrx_word' id='word_1_295' title='bbox 1963 1785 2005 1820; x_wconf 89' lang='lat' dir='ltr'>de</span> 
     </span>
     <span class='ocr_line' id='line_1_33' title="bbox 471 1831 2004 1878; baseline 0.001 -14"><span class='ocrx_word' id='word_1_296' title='bbox 471 1843 533 1865; x_wconf 89' lang='lat' dir='ltr'>sua</span> <span class='ocrx_word' id='word_1_297' title='bbox 557 1831 840 1876; x_wconf 85' lang='lat' dir='ltr'>conprehensione</span> <span class='ocrx_word' id='word_1_298' title='bbox 865 1833 1079 1867; x_wconf 88' lang='lat' dir='ltr'>vehementer</span> <span class='ocrx_word' id='word_1_299' title='bbox 1103 1834 1213 1867; x_wconf 86' lang='lat' dir='ltr'>iratus</span> <span class='ocrx_word' id='word_1_300' title='bbox 1237 1832 1424 1867; x_wconf 89' lang='lat' dir='ltr'>vindictam</span> <span class='ocrx_word' id='word_1_301' title='bbox 1449 1835 1598 1878; x_wconf 89' lang='lat' dir='ltr'>peteret,</span> <span class='ocrx_word' id='word_1_302' title='bbox 1623 1834 1660 1866; x_wconf 90' lang='lat' dir='ltr'>et</span> <span class='ocrx_word' id='word_1_303' title='bbox 1683 1831 1831 1877; x_wconf 78' lang='lat' dir='ltr'>episcopi</span> <span class='ocrx_word' id='word_1_304' title='bbox 1854 1842 1914 1877; x_wconf 89' lang='lat' dir='ltr'>pro</span> <span class='ocrx_word' id='word_1_305' title='bbox 1939 1842 2004 1866; x_wconf 81' lang='lat' dir='ltr'>sua</span> 
     </span>
     <span class='ocr_line' id='line_1_34' title="bbox 473 1877 2004 1924; baseline 0 -12"><span class='ocrx_word' id='word_1_306' title='bbox 473 1877 720 1912; x_wconf 84' lang='lat' dir='ltr'>disturbatione</span> <span class='ocrx_word' id='word_1_307' title='bbox 740 1877 891 1912; x_wconf 81' lang='lat' dir='ltr'>dolentes</span> <span class='ocrx_word' id='word_1_308' title='bbox 909 1891 1080 1924; x_wconf 87' lang='lat' dir='ltr'>erumpere</span> <span class='ocrx_word' id='word_1_309' title='bbox 1098 1881 1292 1924; x_wconf 90' lang='lat' dir='ltr'>quererent;</span> <span class='ocrx_word' id='word_1_310' title='bbox 1311 1878 1454 1912; x_wconf 90' lang='lat' dir='ltr'>domnus</span> <span class='ocrx_word' id='word_1_311' title='bbox 1471 1878 1656 1912; x_wconf 88' lang='lat' dir='ltr'>cardinalis</span> <span class='ocrx_word' id='word_1_312' title='bbox 1673 1878 1842 1923; x_wconf 77' lang='lat' dir='ltr'>ceterique</span> <span class='ocrx_word' id='word_1_313' title='bbox 1858 1877 2004 1912; x_wconf 87' lang='lat' dir='ltr'>sanioris</span> 
     </span>
     <span class='ocr_line' id='line_1_35' title="bbox 471 1923 2005 1970; baseline 0.001 -13"><span class='ocrx_word' id='word_1_314' title='bbox 471 1923 602 1958; x_wconf 91' lang='lat' dir='ltr'>consilii</span> <span class='ocrx_word' id='word_1_315' title='bbox 618 1923 784 1968; x_wconf 89' lang='lat' dir='ltr'>principes</span> <span class='ocrx_word' id='word_1_316' title='bbox 795 1925 981 1959; x_wconf 85' lang='lat' dir='ltr'>tmnultum</span> <span class='ocrx_word' id='word_1_317' title='bbox 998 1925 1095 1959; x_wconf 92' lang='lat' dir='ltr'>illum</span> <span class='ocrx_word' id='word_1_318' title='bbox 1108 1926 1163 1959; x_wconf 87' lang='lat' dir='ltr'>vix</span> <span class='ocrx_word' id='word_1_319' title='bbox 1176 1925 1315 1959; x_wconf 87' lang='lat' dir='ltr'>tandem</span> <span class='ocrx_word' id='word_1_320' title='bbox 1328 1935 1406 1959; x_wconf 88' lang='lat' dir='ltr'>voce</span> <span class='ocrx_word' id='word_1_321' title='bbox 1418 1935 1588 1970; x_wconf 87' lang='lat' dir='ltr'>manuque</span> <span class='ocrx_word' id='word_1_322' title='bbox 1601 1924 1761 1959; x_wconf 88' lang='lat' dir='ltr'>sedantes</span> <span class='ocrx_word' id='word_1_323' title='bbox 1773 1923 1947 1958; x_wconf 87' lang='lat' dir='ltr'>universos</span> <span class='ocrx_word' id='word_1_324' title='bbox 1960 1923 2005 1958; x_wconf 83' lang='lat' dir='ltr'>ad</span> 
     </span>
     <span class='ocr_line' id='line_1_36' title="bbox 472 1969 2006 2016; baseline 0 -12"><span class='ocrx_word' id='word_1_325' title='bbox 472 1970 568 2004; x_wconf 89' lang='lat' dir='ltr'>sedes</span> <span class='ocrx_word' id='word_1_326' title='bbox 581 1980 660 2003; x_wconf 88' lang='lat' dir='ltr'>suas</span> <span class='ocrx_word' id='word_1_327' title='bbox 677 1970 921 2015; x_wconf 88' lang='lat' dir='ltr'>consiliumque</span> <span class='ocrx_word' id='word_1_328' title='bbox 937 1972 1047 2006; x_wconf 89' lang='lat' dir='ltr'>redire</span> <span class='ocrx_word' id='word_1_329' title='bbox 1062 1972 1280 2016; x_wconf 84' lang='lat' dir='ltr'>perfecerant.</span> <span class='ocrx_word' id='word_1_330' title='bbox 1306 1971 1373 2004; x_wconf 87' lang='lat' dir='ltr'>Hic</span> <span class='ocrx_word' id='word_1_331' title='bbox 1387 1971 1530 2005; x_wconf 88' lang='lat' dir='ltr'>domnus</span> <span class='ocrx_word' id='word_1_332' title='bbox 1543 1970 1727 2005; x_wconf 84' lang='lat' dir='ltr'>cardinalis</span> <span class='ocrx_word' id='word_1_333' title='bbox 1739 1969 1856 2014; x_wconf 79' lang='lat' dir='ltr'>gratia</span> <span class='ocrx_word' id='word_1_334' title='bbox 1866 1969 2006 2004; x_wconf 90' lang='lat' dir='ltr'>Domini</span> 
     </span>
     <span class='ocr_line' id='line_1_37' title="bbox 473 2015 2006 2062; baseline 0 -12"><span class='ocrx_word' id='word_1_335' title='bbox 473 2018 654 2061; x_wconf 89' lang='lat' dir='ltr'>preventus</span> <span class='ocrx_word' id='word_1_336' title='bbox 679 2015 851 2061; x_wconf 88' lang='lat' dir='ltr'>episcopos</span> <span class='ocrx_word' id='word_1_337' title='bbox 877 2029 1025 2051; x_wconf 87' lang='lat' dir='ltr'>seorsum</span> <span class='ocrx_word' id='word_1_338' title='bbox 1051 2018 1262 2059; x_wconf 73' lang='lat' dir='ltr'>conveniens,</span> <span class='ocrx_word' id='word_1_339' title='bbox 1289 2017 1505 2051; x_wconf 86' lang='lat' dir='ltr'>discessionis</span> <span class='ocrx_word' id='word_1_340' title='bbox 1521 2017 1655 2062; x_wconf 88' lang='lat' dir='ltr'>culpam</span> <span class='ocrx_word' id='word_1_341' title='bbox 1679 2016 1715 2050; x_wconf 92' lang='grc'>111</span> <span class='ocrx_word' id='word_1_342' title='bbox 1739 2016 1831 2061; x_wconf 86' lang='lat' dir='ltr'>ipsos</span> <span class='ocrx_word' id='word_1_343' title='bbox 1854 2015 2006 2060; x_wconf 78' lang='lat' dir='ltr'>graviter</span> 
     </span>
     <span class='ocr_line' id='line_1_38' title="bbox 473 2061 2007 2108; baseline 0.001 -13"><span class='ocrx_word' id='word_1_344' title='bbox 473 2062 628 2103; x_wconf 83' lang='lat' dir='ltr'>intorsit,</span> <span class='ocrx_word' id='word_1_345' title='bbox 661 2063 695 2094; x_wconf 89' lang='lat' dir='ltr'>et</span> <span class='ocrx_word' id='word_1_346' title='bbox 727 2062 794 2095; x_wconf 86' lang='lat' dir='ltr'>nisi</span> <span class='ocrx_word' id='word_1_347' title='bbox 826 2063 869 2096; x_wconf 90' lang='lat' dir='ltr'>ad</span> <span class='ocrx_word' id='word_1_348' title='bbox 894 2075 1010 2108; x_wconf 83' lang='lat' dir='ltr'>pacem</span> <span class='ocrx_word' id='word_1_349' title='bbox 1045 2066 1080 2098; x_wconf 90' lang='lat' dir='ltr'>et</span> <span class='ocrx_word' id='word_1_350' title='bbox 1114 2063 1327 2098; x_wconf 78' lang='lat' dir='ltr'>concordiam</span> <span class='ocrx_word' id='word_1_351' title='bbox 1351 2065 1386 2096; x_wconf 89' lang='lat' dir='ltr'>et</span> <span class='ocrx_word' id='word_1_352' title='bbox 1422 2063 1487 2108; x_wconf 89' lang='lat' dir='ltr'>ipsi</span> <span class='ocrx_word' id='word_1_353' title='bbox 1513 2063 1682 2105; x_wconf 89' lang='lat' dir='ltr'>redirent,</span> <span class='ocrx_word' id='word_1_354' title='bbox 1713 2064 1749 2096; x_wconf 88' lang='lat' dir='ltr'>et</span> <span class='ocrx_word' id='word_1_355' title='bbox 1778 2061 1863 2096; x_wconf 82' lang='lat' dir='ltr'>alios</span> <span class='ocrx_word' id='word_1_356' title='bbox 1893 2061 2007 2096; x_wconf 88' lang='lat' dir='ltr'>minus</span> 
     </span>
     <span class='ocr_line' id='line_1_39' title="bbox 473 2107 2006 2154; baseline 0 -12"><span class='ocrx_word' id='word_1_357' title='bbox 473 2108 590 2142; x_wconf 87' lang='lat' dir='ltr'>doctos</span> <span class='ocrx_word' id='word_1_358' title='bbox 608 2118 669 2141; x_wconf 90' lang='lat' dir='ltr'>sua</span> <span class='ocrx_word' id='word_1_359' title='bbox 686 2107 921 2143; x_wconf 89' lang='lat' dir='ltr'>informatione</span> <span class='ocrx_word' id='word_1_360' title='bbox 934 2109 1144 2152; x_wconf 88' lang='lat' dir='ltr'>reducerent,</span> <span class='ocrx_word' id='word_1_361' title='bbox 1169 2109 1320 2154; x_wconf 84' lang='lat' dir='ltr'>predam,</span> <span class='ocrx_word' id='word_1_362' title='bbox 1347 2110 1481 2152; x_wconf 86' lang='lat' dir='ltr'>strages</span> <span class='ocrx_word' id='word_1_363' title='bbox 1497 2111 1533 2143; x_wconf 89' lang='lat' dir='ltr'>et</span> <span class='ocrx_word' id='word_1_364' title='bbox 1545 2109 1703 2143; x_wconf 87' lang='lat' dir='ltr'>incendia</span> <span class='ocrx_word' id='word_1_365' title='bbox 1726 2109 1763 2142; x_wconf 88' lang='lat' dir='ltr'>et</span> <span class='ocrx_word' id='word_1_366' title='bbox 1786 2118 2006 2153; x_wconf 72' lang='lat' dir='ltr'>quaecunque</span> 
     </span>
     <span class='ocr_line' id='line_1_40' title="bbox 473 2153 2005 2200; baseline 0 -12"><span class='ocrx_word' id='word_1_367' title='bbox 473 2154 565 2188; x_wconf 88' lang='lat' dir='ltr'>mala</span> <span class='ocrx_word' id='word_1_368' title='bbox 588 2163 648 2198; x_wconf 88' lang='lat' dir='ltr'>per</span> <span class='ocrx_word' id='word_1_369' title='bbox 671 2153 760 2187; x_wconf 87' lang='lat' dir='ltr'>hanc</span> <span class='ocrx_word' id='word_1_370' title='bbox 785 2154 1023 2189; x_wconf 88' lang='lat' dir='ltr'>discessionem</span> <span class='ocrx_word' id='word_1_371' title='bbox 1049 2156 1260 2198; x_wconf 87' lang='lat' dir='ltr'>suboritura,</span> <span class='ocrx_word' id='word_1_372' title='bbox 1294 2155 1379 2200; x_wconf 89' lang='lat' dir='ltr'>ipsis</span> <span class='ocrx_word' id='word_1_373' title='bbox 1413 2155 1581 2200; x_wconf 86' lang='lat' dir='ltr'>ascripsit.</span> <span class='ocrx_word' id='word_1_374' title='bbox 1630 2154 1725 2189; x_wconf 81' lang='lat' dir='ltr'>Data</span> <span class='ocrx_word' id='word_1_375' title='bbox 1749 2153 1885 2188; x_wconf 87' lang='lat' dir='ltr'>demum</span> <span class='ocrx_word' id='word_1_376' title='bbox 1909 2164 2005 2199; x_wconf 87' lang='lat' dir='ltr'>opor-</span> 
     </span>
     <span class='ocr_line' id='line_1_41' title="bbox 472 2199 2002 2246; baseline 0.001 -13"><span class='ocrx_word' id='word_1_377' title='bbox 472 2201 622 2234; x_wconf 85' lang='lat' dir='ltr'>tunitate</span> <span class='ocrx_word' id='word_1_378' title='bbox 644 2199 803 2243; x_wconf 87' lang='lat' dir='ltr'>loquendi</span> <span class='ocrx_word' id='word_1_379' title='bbox 821 2200 1078 2245; x_wconf 83' lang='lat' dir='ltr'>Salzburgensis</span> <span class='ocrx_word' id='word_1_380' title='bbox 1095 2201 1401 2246; x_wconf 81' lang='lat' dir='ltr'>archiepiscopus*&#39;)</span> <span class='ocrx_word' id='word_1_381' title='bbox 1419 2211 1495 2234; x_wconf 89' lang='lat' dir='ltr'>cum</span> <span class='ocrx_word' id='word_1_382' title='bbox 1511 2201 1666 2246; x_wconf 88' lang='lat' dir='ltr'>episcopo</span> <span class='ocrx_word' id='word_1_383' title='bbox 1682 2199 1925 2245; x_wconf 83' lang='lat' dir='ltr'>Ratisponensi</span> <span class='ocrx_word' id='word_1_384' title='bbox 1941 2210 2002 2244; x_wconf 86' lang='lat' dir='ltr'>pro</span> 
     </span>
     <span class='ocr_line' id='line_1_42' title="bbox 474 2245 2007 2292; baseline 0 -12"><span class='ocrx_word' id='word_1_385' title='bbox 474 2257 509 2280; x_wconf 88' lang='lat' dir='ltr'>se</span> <span class='ocrx_word' id='word_1_386' title='bbox 534 2248 570 2280; x_wconf 92' lang='lat' dir='ltr'>et</span> <span class='ocrx_word' id='word_1_387' title='bbox 592 2246 717 2279; x_wconf 90' lang='lat' dir='ltr'>honore</span> <span class='ocrx_word' id='word_1_388' title='bbox 742 2247 837 2290; x_wconf 86' lang='lat' dir='ltr'>regni</span> <span class='ocrx_word' id='word_1_389' title='bbox 862 2247 1099 2281; x_wconf 86' lang='lat' dir='ltr'>honestissime</span> <span class='ocrx_word' id='word_1_390' title='bbox 1124 2248 1348 2289; x_wconf 77' lang='lat' dir='ltr'>disserenteS,</span> <span class='ocrx_word' id='word_1_391' title='bbox 1379 2246 1423 2280; x_wconf 92' lang='lat' dir='ltr'>ad</span> <span class='ocrx_word' id='word_1_392' title='bbox 1447 2247 1660 2281; x_wconf 85' lang='lat' dir='ltr'>concordiam</span> <span class='ocrx_word' id='word_1_393' title='bbox 1683 2247 1800 2292; x_wconf 79' lang='lat' dir='ltr'>partes</span> <span class='ocrx_word' id='word_1_394' title='bbox 1823 2245 2007 2280; x_wconf 70' lang='lat' dir='ltr'>transferre</span> 
     </span>
     <span class='ocr_line' id='line_1_43' title="bbox 473 2291 2008 2338; baseline 0.001 -13"><span class='ocrx_word' id='word_1_395' title='bbox 473 2292 687 2332; x_wconf 83' lang='lat' dir='ltr'>laborabant,</span> <span class='ocrx_word' id='word_1_396' title='bbox 725 2294 759 2325; x_wconf 91' lang='lat' dir='ltr'>et</span> <span class='ocrx_word' id='word_1_397' title='bbox 791 2293 863 2326; x_wconf 88' lang='lat' dir='ltr'>sine</span> <span class='ocrx_word' id='word_1_398' title='bbox 889 2293 973 2327; x_wconf 90' lang='lat' dir='ltr'>duce</span> <span class='ocrx_word' id='word_1_399' title='bbox 996 2294 1171 2327; x_wconf 85' lang='lat' dir='ltr'>Bawarico</span> <span class='ocrx_word' id='word_1_400' title='bbox 1196 2293 1255 2338; x_wconf 91' lang='lat' dir='ltr'>qui</span> <span class='ocrx_word' id='word_1_401' title='bbox 1281 2293 1401 2327; x_wconf 87' lang='lat' dir='ltr'>aberat</span> <span class='ocrx_word' id='word_1_402' title='bbox 1423 2292 1531 2327; x_wconf 88' lang='lat' dir='ltr'>nichil</span> <span class='ocrx_word' id='word_1_403' title='bbox 1555 2293 1596 2327; x_wconf 92' lang='lat' dir='ltr'>de</span> <span class='ocrx_word' id='word_1_404' title='bbox 1621 2303 1700 2336; x_wconf 82' lang='lat' dir='ltr'>rege</span> <span class='ocrx_word' id='word_1_405' title='bbox 1724 2303 1760 2326; x_wconf 90' lang='lat' dir='ltr'>se</span> <span class='ocrx_word' id='word_1_406' title='bbox 1785 2291 1933 2327; x_wconf 83' lang='lat' dir='ltr'>diffinire</span> <span class='ocrx_word' id='word_1_407' title='bbox 1957 2291 2008 2326; x_wconf 80' lang='lat' dir='ltr'>di—</span> 
     </span>
     <span class='ocr_line' id='line_1_44' title="bbox 473 2337 2007 2384; baseline 0.001 -14"><span class='ocrx_word' id='word_1_408' title='bbox 473 2339 608 2372; x_wconf 86' lang='lat' dir='ltr'>cebant.</span> <span class='ocrx_word' id='word_1_409' title='bbox 658 2337 816 2372; x_wconf 81' lang='lat' dir='ltr'>Preterea</span> <span class='ocrx_word' id='word_1_410' title='bbox 850 2339 890 2372; x_wconf 92' lang='lat' dir='ltr'>de</span> <span class='ocrx_word' id='word_1_411' title='bbox 915 2339 1108 2374; x_wconf 88' lang='lat' dir='ltr'>inconsulta</span> <span class='ocrx_word' id='word_1_412' title='bbox 1132 2342 1307 2384; x_wconf 87' lang='lat' dir='ltr'>raptorum</span> <span class='ocrx_word' id='word_1_413' title='bbox 1331 2338 1564 2381; x_wconf 85' lang='lat' dir='ltr'>vehementia,</span> <span class='ocrx_word' id='word_1_414' title='bbox 1594 2341 1667 2373; x_wconf 85' lang='lat' dir='ltr'>tam</span> <span class='ocrx_word' id='word_1_415' title='bbox 1691 2337 1758 2372; x_wconf 89' lang='lat' dir='ltr'>sibi</span> <span class='ocrx_word' id='word_1_416' title='bbox 1782 2348 1886 2383; x_wconf 85' lang='lat' dir='ltr'>quam</span> <span class='ocrx_word' id='word_1_417' title='bbox 1908 2338 2007 2382; x_wconf 81' lang='lat' dir='ltr'>rapto</span> 
     </span>
     <span class='ocr_line' id='line_1_45' title="bbox 473 2383 2007 2430; baseline 0.001 -14"><span class='ocrx_word' id='word_1_418' title='bbox 473 2395 532 2428; x_wconf 91' lang='lat' dir='ltr'>pro</span> <span class='ocrx_word' id='word_1_419' title='bbox 549 2383 741 2417; x_wconf 85' lang='lat' dir='ltr'>maiestatis</span> <span class='ocrx_word' id='word_1_420' title='bbox 759 2384 883 2418; x_wconf 87' lang='lat' dir='ltr'>honore</span> <span class='ocrx_word' id='word_1_421' title='bbox 902 2397 968 2419; x_wconf 94' lang='lat' dir='ltr'>non</span> <span class='ocrx_word' id='word_1_422' title='bbox 988 2386 1140 2420; x_wconf 86' lang='lat' dir='ltr'>indebite</span> <span class='ocrx_word' id='word_1_423' title='bbox 1161 2385 1374 2429; x_wconf 84' lang='lat' dir='ltr'>gravissima,</span> <span class='ocrx_word' id='word_1_424' title='bbox 1401 2384 1552 2419; x_wconf 87' lang='lat' dir='ltr'>debitam</span> <span class='ocrx_word' id='word_1_425' title='bbox 1575 2396 1596 2419; x_wconf 90' lang='lat' dir='ltr'>a</span> <span class='ocrx_word' id='word_1_426' title='bbox 1613 2383 1818 2430; x_wconf 82' lang='lat' dir='ltr'>primatibus</span> <span class='ocrx_word' id='word_1_427' title='bbox 1833 2383 2007 2418; x_wconf 81' lang='lat' dir='ltr'>iusticiam</span> 
     </span>
     <span class='ocr_line' id='line_1_46' title="bbox 473 2429 2008 2476; baseline 0.001 -14"><span class='ocrx_word' id='word_1_428' title='bbox 473 2430 663 2473; x_wconf 82' lang='lat' dir='ltr'>exigebant.</span> <span class='ocrx_word' id='word_1_429' title='bbox 712 2429 810 2463; x_wconf 89' lang='lat' dir='ltr'>Unde</span> <span class='ocrx_word' id='word_1_430' title='bbox 844 2431 973 2465; x_wconf 87' lang='lat' dir='ltr'>factum</span> <span class='ocrx_word' id='word_1_431' title='bbox 1006 2434 1059 2465; x_wconf 85' lang='lat' dir='ltr'>est</span> <span class='ocrx_word' id='word_1_432' title='bbox 1091 2434 1131 2465; x_wconf 90' lang='lat' dir='ltr'>ut</span> <span class='ocrx_word' id='word_1_433' title='bbox 1161 2431 1349 2476; x_wconf 84' lang='lat' dir='ltr'>praemissa</span> <span class='ocrx_word' id='word_1_434' title='bbox 1382 2430 1517 2464; x_wconf 85' lang='lat' dir='ltr'>debitae</span> <span class='ocrx_word' id='word_1_435' title='bbox 1542 2429 1788 2465; x_wconf 84' lang='lat' dir='ltr'>satisfactionis</span> <span class='ocrx_word' id='word_1_436' title='bbox 1810 2429 2008 2464; x_wconf 84' lang='lat' dir='ltr'>humilitate</span> 
     </span>
     <span class='ocr_line' id='line_1_47' title="bbox 475 2475 1959 2522; baseline 0.001 -14"><span class='ocrx_word' id='word_1_437' title='bbox 475 2475 626 2509; x_wconf 87' lang='lat' dir='ltr'>redirent</span> <span class='ocrx_word' id='word_1_438' title='bbox 650 2475 686 2508; x_wconf 91' lang='lat' dir='ltr'>in</span> <span class='ocrx_word' id='word_1_439' title='bbox 709 2476 869 2519; x_wconf 84' lang='lat' dir='ltr'>gratiam,</span> <span class='ocrx_word' id='word_1_440' title='bbox 896 2477 954 2521; x_wconf 90' lang='lat' dir='ltr'>qui</span> <span class='ocrx_word' id='word_1_441' title='bbox 981 2477 1252 2522; x_wconf 85' lang='lat' dir='ltr'>precipitationis</span> <span class='ocrx_word' id='word_1_442' title='bbox 1278 2488 1359 2511; x_wconf 89' lang='lat' dir='ltr'>suae</span> <span class='ocrx_word' id='word_1_443' title='bbox 1385 2477 1485 2521; x_wconf 87' lang='lat' dir='ltr'>culpa</span> <span class='ocrx_word' id='word_1_444' title='bbox 1509 2477 1719 2511; x_wconf 89' lang='lat' dir='ltr'>concitavere</span> <span class='ocrx_word' id='word_1_445' title='bbox 1745 2475 1959 2510; x_wconf 82' lang='lat' dir='ltr'>discordiam.</span> 
     </span>
    </p>

    <p class='ocr_par' dir='ltr' id='par_1_6' title="bbox 589 2521 2008 2568">
     <span class='ocr_line' id='line_1_48' title="bbox 589 2521 2008 2568; baseline 0.001 -13"><span class='ocrx_word' id='word_1_446' title='bbox 589 2524 620 2556; x_wconf 89' lang='lat'>6.</span> <span class='ocrx_word' id='word_1_447' title='bbox 657 2521 776 2555; x_wconf 88' lang='lat' dir='ltr'>Accito</span> <span class='ocrx_word' id='word_1_448' title='bbox 805 2523 912 2566; x_wconf 82' lang='lat' dir='ltr'>igitur</span> <span class='ocrx_word' id='word_1_449' title='bbox 945 2523 1028 2557; x_wconf 86' lang='lat' dir='ltr'>duce</span> <span class='ocrx_word' id='word_1_450' title='bbox 1052 2523 1244 2566; x_wconf 87' lang='lat' dir='ltr'>Bawarico,</span> <span class='ocrx_word' id='word_1_451' title='bbox 1278 2523 1347 2556; x_wconf 86' lang='lat' dir='ltr'>iam</span> <span class='ocrx_word' id='word_1_452' title='bbox 1379 2522 1489 2556; x_wconf 89' lang='lat' dir='ltr'>sancti</span> <span class='ocrx_word' id='word_1_453' title='bbox 1514 2522 1663 2568; x_wconf 87' lang='lat' dir='ltr'>Spiritus</span> <span class='ocrx_word' id='word_1_454' title='bbox 1695 2521 1812 2566; x_wconf 73' lang='lat' dir='ltr'>gratia</span> <span class='ocrx_word' id='word_1_455' title='bbox 1835 2521 1880 2556; x_wconf 79' lang='lat' dir='ltr'>ad</span> <span class='ocrx_word' id='word_1_456' title='bbox 1902 2531 2008 2556; x_wconf 87' lang='lat' dir='ltr'>unum</span> 
     </span>
    </p>
   </div>
   <div class='ocr_carea' id='block_1_3' title="bbox 470 2654 2010 2966">
    <p class='ocr_par' dir='ltr' id='par_1_7' title="bbox 470 2654 2010 2966">
     <span class='ocr_line' id='line_1_49' title="bbox 588 2654 2008 2744; baseline -0.003 -10"><span class='ocrx_word' id='word_1_457' title='bbox 588 2655 621 2744; x_wconf 53' lang='lat' dir='ltr'>ff}</span> <span class='ocrx_word' id='word_1_458' title='bbox 645 2655 728 2734; x_wconf 46' lang='lat' dir='ltr'>{fitza</span> <span class='ocrx_word' id='word_1_459' title='bbox 736 2654 1088 2734; x_wconf 47' lang='lat' dir='ltr'>vgrffipltregdpigsglrjffi.</span> <span class='ocrx_word' id='word_1_460' title='bbox 1109 2699 1168 2743; x_wconf 66' lang='lat' dir='ltr'>(M.</span> <span class='ocrx_word' id='word_1_461' title='bbox 1204 2699 1245 2734; x_wconf 88' lang='lat' dir='ltr'>G.</span> <span class='ocrx_word' id='word_1_462' title='bbox 1281 2699 1314 2734; x_wconf 83' lang='lat' dir='ltr'>S.</span> <span class='ocrx_word' id='word_1_463' title='bbox 1341 2700 1373 2734; x_wconf 85' lang='lat' dir='ltr'>S.</span> <span class='ocrx_word' id='word_1_464' title='bbox 1399 2699 1466 2742; x_wconf 87' lang='lat' dir='ltr'>XI,</span> <span class='ocrx_word' id='word_1_465' title='bbox 1501 2700 1579 2741; x_wconf 85' lang='lat'>76):</span> <span class='ocrx_word' id='word_1_466' title='bbox 1613 2697 1682 2732; x_wconf 85' lang='lat' dir='ltr'>Ubi</span> <span class='ocrx_word' id='word_1_467' title='bbox 1706 2708 1764 2732; x_wconf 83' lang='lat' dir='ltr'>rex</span> <span class='ocrx_word' id='word_1_468' title='bbox 1799 2696 2008 2732; x_wconf 85' lang='lat' dir='ltr'>constitutus</span> 
     </span>
     <span class='ocr_line' id='line_1_50' title="bbox 473 2742 2008 2790; baseline -0.003 -9"><span class='ocrx_word' id='word_1_469' title='bbox 473 2750 526 2782; x_wconf 89' lang='lat' dir='ltr'>est</span> <span class='ocrx_word' id='word_1_470' title='bbox 561 2746 744 2780; x_wconf 83' lang='lat' dir='ltr'>Letharius</span> <span class='ocrx_word' id='word_1_471' title='bbox 776 2746 843 2779; x_wconf 86' lang='lat' dir='ltr'>dux</span> <span class='ocrx_word' id='word_1_472' title='bbox 875 2745 1054 2787; x_wconf 83' lang='lat' dir='ltr'>Saxonum,</span> <span class='ocrx_word' id='word_1_473' title='bbox 1080 2745 1265 2779; x_wconf 89' lang='lat' dir='ltr'>multum</span> <span class='ocrx_word' id='word_1_474' title='bbox 1301 2756 1374 2790; x_wconf 90' lang='lat' dir='ltr'>pro</span> <span class='ocrx_word' id='word_1_475' title='bbox 1410 2756 1459 2779; x_wconf 87' lang='lat' dir='ltr'>eo</span> <span class='ocrx_word' id='word_1_476' title='bbox 1494 2745 1734 2779; x_wconf 86' lang='lat' dir='ltr'>laborante</span> <span class='ocrx_word' id='word_1_477' title='bbox 1770 2742 2008 2778; x_wconf 73' lang='lat' dir='ltr'>chunrado</span> 
     </span>
     <span class='ocr_line' id='line_1_51' title="bbox 474 2789 2009 2838; baseline -0.003 -11"><span class='ocrx_word' id='word_1_478' title='bbox 474 2793 824 2838; x_wconf 84' lang='lat' dir='ltr'>archiepiscope,</span> <span class='ocrx_word' id='word_1_479' title='bbox 859 2792 963 2836; x_wconf 88' lang='lat' dir='ltr'>quia</span> <span class='ocrx_word' id='word_1_480' title='bbox 995 2792 1037 2825; x_wconf 89' lang='grc'>111</span> <span class='ocrx_word' id='word_1_481' title='bbox 1069 2791 1281 2825; x_wconf 87' lang='lat' dir='ltr'>scismate</span> <span class='ocrx_word' id='word_1_482' title='bbox 1311 2791 1524 2825; x_wconf 90' lang='lat' dir='ltr'>fideliter</span> <span class='ocrx_word' id='word_1_483' title='bbox 1557 2789 1799 2824; x_wconf 82' lang='lat' dir='ltr'>adheserat</span> <span class='ocrx_word' id='word_1_484' title='bbox 1821 2790 2009 2823; x_wconf 82' lang='lat' dir='ltr'>sanctae</span> 
     </span>
     <span class='ocr_line' id='line_1_52' title="bbox 474 2834 2010 2879; baseline -0.004 -5"><span class='ocrx_word' id='word_1_485' title='bbox 474 2841 695 2874; x_wconf 87' lang='lat' dir='ltr'>Romanae</span> <span class='ocrx_word' id='word_1_486' title='bbox 729 2837 963 2879; x_wconf 88' lang='lat' dir='ltr'>ecclesiae,</span> <span class='ocrx_word' id='word_1_487' title='bbox 996 2848 1089 2871; x_wconf 89' lang='lat' dir='ltr'>cum</span> <span class='ocrx_word' id='word_1_488' title='bbox 1113 2837 1158 2871; x_wconf 91' lang='lat' dir='ltr'>in</span> <span class='ocrx_word' id='word_1_489' title='bbox 1187 2836 1466 2871; x_wconf 87' lang='lat' dir='ltr'>Fridericum</span> <span class='ocrx_word' id='word_1_490' title='bbox 1500 2837 1654 2870; x_wconf 88' lang='lat' dir='ltr'>ducem</span> <span class='ocrx_word' id='word_1_491' title='bbox 1677 2834 1859 2870; x_wconf 82' lang='lat' dir='ltr'>Sueviae</span> <span class='ocrx_word' id='word_1_492' title='bbox 1894 2834 2010 2869; x_wconf 81' lang='lat' dir='ltr'>ceci-</span> 
     </span>
     <span class='ocr_line' id='line_1_53' title="bbox 471 2880 2009 2928; baseline -0.003 -8"><span class='ocrx_word' id='word_1_493' title='bbox 471 2886 646 2920; x_wconf 88' lang='lat' dir='ltr'>dissent</span> <span class='ocrx_word' id='word_1_494' title='bbox 681 2885 779 2918; x_wconf 86' lang='lat' dir='ltr'>vota</span> <span class='ocrx_word' id='word_1_495' title='bbox 809 2884 901 2917; x_wconf 87' lang='lat' dir='ltr'>fere</span> <span class='ocrx_word' id='word_1_496' title='bbox 935 2883 1120 2917; x_wconf 90' lang='lat' dir='ltr'>omnium</span> <span class='ocrx_word' id='word_1_497' title='bbox 1150 2883 1417 2928; x_wconf 86' lang='lat' dir='ltr'>principum.</span> <span class='ocrx_word' id='word_1_498' title='bbox 1465 2882 1535 2916; x_wconf 92' lang='lat' dir='ltr'>Der</span> <span class='ocrx_word' id='word_1_499' title='bbox 1559 2881 1702 2916; x_wconf 86' lang='lat' dir='ltr'>Bischof</span> <span class='ocrx_word' id='word_1_500' title='bbox 1728 2892 1758 2916; x_wconf 83' lang='lat' dir='ltr'>v.</span> <span class='ocrx_word' id='word_1_501' title='bbox 1783 2880 2009 2924; x_wconf 85' lang='lat' dir='ltr'>Regensburg</span> 
     </span>
     <span class='ocr_line' id='line_1_54' title="bbox 470 2930 731 2966; baseline -0.011 0"><span class='ocrx_word' id='word_1_502' title='bbox 470 2932 519 2966; x_wconf 88' lang='lat' dir='ltr'>ist</span> <span class='ocrx_word' id='word_1_503' title='bbox 542 2930 731 2965; x_wconf 88' lang='lat' dir='ltr'>Hartwich.</span> 
     </span>
    </p>
   </div>
  </div>
 </body>
</html>
