2098 3432
459 311 510 352 10

455 422 610 475 populi,
643 436 722 463 non
753 425 974 475 spontanea
1003 423 1097 463 cleri
1127 423 1335 471 electione,
1365 435 1439 464 nec
1467 423 1754 465 honoratorum
1783 436 1982 466 consensu

455 478 568 518 iuxta
588 479 800 531 synodales
821 478 980 530 regulas
1003 481 1042 519 et
1073 481 1261 531 antiquas
1291 480 1455 532 patrum
1483 481 1714 521 nostrorum
1745 479 1979 522 traditiones

456 534 504 574 ad
543 535 791 587 apostolatus
832 535 989 575 culmen
1028 537 1302 588 assumptum,
1340 534 1411 575 sed
1448 535 1485 575 vi
1524 537 1759 588 parentum,
1800 536 1982 589 potentia

454 589 643 638 fratrum,
682 589 856 631 fustibus
895 593 935 630 et
972 591 1166 642 sanguine
1205 591 1400 642 nobisque
1437 591 1667 633 nolentibus
1707 593 1982 644 subrogatum.

457 645 535 686 Sed
559 645 707 686 mirum
730 646 843 687 nobis
870 659 949 686 non
975 649 1046 695 est,
1078 646 1110 687 si
1132 646 1362 688 huiusmodi
1393 646 1601 688 mendacia
1631 647 1681 688 ad
1709 651 1796 689 tam
1825 647 1982 700 longin-

457 714 558 753 quas
585 701 761 753 dirigant
783 702 966 742 nationes
993 704 1032 742 et
1053 715 1204 743 veneno
1228 715 1300 744 suo
1330 702 1411 743 fere
1443 704 1582 754 gentes
1614 716 1753 745 omnes
1782 703 1983 745 inebrient

455 760 496 797 et
535 757 735 810 simplices
766 770 925 810 quoque
956 757 1167 806 deludant,
1199 771 1291 799 011111
1320 759 1362 798 111
1391 758 1596 799 Romanae
1627 760 1790 801 ecclesie
1820 759 1984 812 gremiis

454 812 736 854 fraudulentiis
757 813 840 854 suis
862 813 998 854 sedem
1019 814 1290 866 Apostolicam
1310 814 1550 867 prostituere
1571 815 1826 856 contendant.
1854 815 1987 857 Reue-

455 869 539 908 lata
577 870 731 918 tecum,
769 869 1017 910 nobilissime
1057 870 1258 923 princeps,
1299 870 1399 911 facie
1429 870 1634 922 loquimur
1664 873 1704 912 et
1731 883 1804 925 per
1831 872 1872 912 te
1900 872 1985 913 toto

455 925 548 965 orbe
579 925 759 966 Romano
799 926 883 966 fieri
920 925 1132 966 notissima
1160 926 1276 975 haec,
1314 938 1416 978 quae
1447 926 1680 976 scribimus,
1715 929 1986 990 peroptamus.

455 980 683 1021 Decede-nte
713 981 761 1021 de
791 982 867 1021 hac
896 981 979 1021 vita
1007 981 1119 1035 Papa
1138 982 1325 1031 Honorio,
1354 994 1426 1023 nos
1457 994 1595 1023 onmes
1625 983 1846 1025 cardmales
1874 996 1987 1037 pres-

455 1036 584 1088 byteri
607 1041 646 1077 et
667 1036 853 1078 diacones
874 1049 966 1077 011111
986 1038 1305 1083 subdiaconibus,
1335 1037 1559 1091 primicerio
1590 1051 1682 1079 cum
1711 1039 1821 1080 omni
1850 1039 1986 1080 schola

454 1091 593 1145 palatii
630 1092 672 1132 in
708 1093 872 1134 basilica
910 1093 1016 1133 beati
1046 1094 1190 1142 Marci,
1231 1095 1299 1146 qui
1337 1094 1448 1135 locus
1480 1094 1597 1146 quasi
1625 1095 1836 1136 vmbilicus
1865 1094 1986 1136 Vrbis

457 1149 529 1196 est,
560 1148 743 1189 concordi
773 1149 981 1190 voluntate
1012 1151 1284 1191 conuenimus.
1316 1150 1548 1191 Conuenere
1577 1151 1731 1192 nobiles
1761 1151 1895 1200 etiam,
1923 1150 1986 1192 in—

454 1216 623 1244 numera
659 1204 808 1245 ibidem
845 1205 1063 1246 multitudo
1103 1206 1309 1255 conuenit,
1349 1206 1620 1247 substituendi
1649 1206 1854 1248 Pontificis
1884 1207 1986 1248 eleo-

456 1259 606 1300 tionem
637 1262 902 1313 expectantes.
947 1261 1131 1313 Cumque
1163 1262 1315 1303 diutius
1337 1262 1443 1302 inter
1461 1274 1534 1303 nos
1555 1262 1604 1303 de
1624 1262 1751 1304 futuri
1780 1262 1984 1304 Pontificis

458 1317 565 1356 esset
585 1315 776 1357 electione
798 1318 1028 1364 tractatum,
1059 1317 1231 1358 domnus
1248 1318 1369 1371 Papa,
1400 1320 1498 1359 tuno
1518 1318 1731 1360 cardinalis
1761 1319 1982 1372 presbyter,

453 1371 608 1424 primus
638 1371 761 1412 libere
791 1372 973 1426 prorupit
1003 1373 1045 1413 in
1074 1386 1211 1414 vocem
1243 1376 1283 1414 et
1314 1374 1531 1426 quemdam
1561 1374 1609 1415 de
1639 1373 1831 1416 fratribus
1859 1387 1985 1416 manu

455 1428 495 1467 et
533 1439 628 1468 voce
664 1429 825 1481 propria
863 1429 1097 1480 assignauit.
1157 1429 1231 1471 Cui
1271 1431 1329 1471 rei
1374 1443 1415 1471 se
1453 1430 1718 1484 impotentem
1755 1430 1880 1471 frater
1915 1431 1984 1472 ille

455 1495 707 1535 cognoscens,
729 1485 934 1525 communi
950 1485 1130 1526 omnium
1151 1487 1337 1527 nostrum
1358 1486 1532 1535 consilio,
1553 1486 1757 1527 communi
1777 1499 1986 1536 consensu,

455 1540 665 1592 expetente
704 1541 870 1593 populo,
908 1541 1250 1582 consentientibus
1288 1542 1512 1590 honoratis,
1551 1542 1738 1583 eumdem
1777 1543 1986 1584 dominum

456 1595 611 1648 Papam
632 1596 840 1636 nobiscum
862 1597 1128 1638 communiter
1149 1598 1279 1650 elegit.
1326 1597 1471 1650 Sicque
1491 1598 1532 1638 in
1562 1598 1727 1640 basilica
1745 1599 1852 1640 beati
1872 1598 1983 1640 Petri

455 1650 505 1691 ad
535 1664 678 1704 corpus
709 1652 813 1700 eius,
850 1652 914 1693 vbi
943 1654 1105 1693 tantum
1134 1654 1306 1694 Romani
1338 1654 1552 1695 Pontifices
1583 1656 1884 1704 consecrantur,
1923 1657 1985 1696 est

454 1707 706 1748 celeberrime
745 1710 1011 1749 consecratus.
1070 1710 1232 1751 Nullius
1269 1710 1446 1763 profecto
1485 1723 1558 1752 nos
1588 1710 1796 1759 violentia,
1832 1711 1983 1752 nullius

452 1775 524 1803 nos
564 1764 746 1816 potentia
775 1764 956 1817 impulit,
995 1764 1099 1806 sicut
1128 1766 1292 1807 fanatici
1322 1766 1379 1806 illi
1410 1766 1494 1807 suis
1523 1766 1668 1807 litteris
1699 1766 1911 1820 grauitera)
1941 1767 1989 1808 in

453 1819 684 1859 Romanum
725 1832 818 1860 eum
847 1821 1084 1862 Pontificem
1125 1824 1327 1863 annotare.
1386 1822 1464 1863 Sed
1496 1835 1588 1863 cum
1617 1822 1862 1876 proditiones
1891 1835 1986 1864 suas

451 1876 491 1915 et
521 1875 731 1928 opprobria
759 1878 894 1928 tegere
924 1880 1146 1929 nequeant,
1184 1879 1332 1932 proprii
1372 1878 1475 1919 oculi
1515 1879 1734 1931 neglectab)
1774 1879 1815 1919 in
1853 1878 1982 1920 alieno

450 1931 562 1971 oculo
593 1931 790 1972 festucam
821 1938 1030 1984 quaerunt.

561 1987 684 2028 Porro
714 1987 967 2029 Haimen'cus
1008 1989 1212 2041 quondam
1242 1990 1524 2039 cancellarius,
1566 1990 1636 2043 qui
1663 1990 1891 2032 Romanam
1920 2003 1983 2032 ec-

450 2042 614 2083 clesiam
634 2043 749 2095 quasi
772 2044 847 2085 vile
869 2046 1046 2085 scortum
1076 2058 1147 2099 pro
1177 2046 1345 2087 luxuriis
1377 2047 1416 2086 et
1447 2046 1620 2087 auaritia
1649 2058 1724 2087 sua
1751 2047 1870 2103 longo
1899 2046 1982 2087 iam

451 2100 630 2151 tempore
660 2099 802 2140 habuit
831 2101 1112 2153 prostitutam,
1145 2102 1214 2154 qui
1244 2102 1442 2150 simoniis,
1473 2102 1577 2143 sicut
1606 2115 1676 2143 vos
1703 2101 1782 2156 ipsi
1811 2103 1872 2156 (vt
1900 2114 1984 2144 ere—

452 2154 602 2207 dimus)
624 2154 838 2207 aliquando
869 2156 1003 2198 fuistis
1035 2158 1198 2210 experti,
1229 2158 1581 2210 exactionibusque
1611 2158 1731 2199 variis
1751 2158 1827 2200 Dei
1857 2159 1984 2200 eccle·-

453 2210 555 2251 siam
594 2213 634 2251 et
662 2211 738 2251 Dei
777 2224 915 2253 seruos
946 2212 1098 2254 diutius
1128 2214 1366 2263 trucidauit,
1407 2214 1607 2255 arridente
1647 2214 1683 2255 ei
1712 2213 1871 2268 egregio
1899 2213 1983 2256 viro

451 2267 583 2307 Leone
613 2267 853 2320 Fraiapane,
885 2269 953 2320 qui
984 2282 1092 2310 nunc
1121 2282 1192 2323 per
1221 2270 1297 2310 Dei
1327 2270 1501 2323 gratiam
1529 2269 1740 2312 nobiscum
1769 2272 1842 2320 est,
1872 2271 1984 2312 velut

451 2323 553 2363 alter
573 2322 844 2364 Sennacherib
873 2324 915 2364 in
945 2325 1148 2366 civitatem
1179 2328 1362 2366 sanctam
1393 2328 1432 2367 et
1462 2327 1661 2380 templum
1690 2326 1861 2380 improbi
1890 2338 1983 2368 0011-

450 2378 528 2419 silii
549 2379 610 2419 sui
631 2391 799 2420 manum
828 2380 948 2433 impie
979 2382 1250 2434 praesumpsit
1281 2383 1504 2431 extendere,
1535 2385 1576 2423 et
1604 2382 1764 2436 propria
1794 2382 1981 2436 superbia

451 2434 694 2486 quibusdam
732 2435 805 2476 sibi
847 2437 1019 2485 allectis,
1060 2438 1129 2490 qui
1168 2438 1252 2478 eius
1285 2439 1439 2490 quadra
1469 2439 1679 2487 viuebant,
1718 2438 1812 2480 viris
1842 2438 1980 2491 vtique

450 2490 613 2531 nouitiis
645 2493 684 2531 et
714 2505 880 2533 numero
912 2493 1090 2545 quinque
1122 2494 1247 2534 altare
1278 2494 1378 2534 illud
1407 2495 1448 2534 in
1481 2495 1648 2536 ecclesia
1676 2495 1750 2536 Dei
1781 2495 1890 2536 solus
1920 2496 1983 2536 est

451 2546 615 2587 molitus
632 2547 793 2600 erigere.
815 2548 967 2588 Verum
989 2550 1240 2602 omnipotens
1257 2550 1367 2591 Deus
1389 2551 1664 2591 subsannuit0>
1687 2563 1754 2592 eos
1775 2552 1816 2592 et
1844 2562 1983 2592 eorum

455 2603 622 2643 consilia
659 2603 866 2644 infatuans
906 2605 947 2645 in
986 2605 1149 2646 sibilum
1189 2608 1228 2646 et
1265 2605 1445 2646 fabulam
1487 2607 1668 2648 omnium
1697 2606 1800 2647 mira
1828 2607 1982 2648 ratione

569 2755 601 2798 a)
626 2752 819 2788 Watterich
852 2756 1020 2787 vermutet
1053 2756 1248 2796 gravantur.
1305 2754 1400 2788 Statt
1434 2755 1492 2789 des
1522 2756 1705 2801 folgenden
1737 2756 1900 2789 annotare
1934 2754 1983 2790 ist

450 2803 657 2834 annotarunt
689 2811 729 2834 zu
753 2799 864 2839 1080ος
902 2799 993 2833 daun
1026 2800 1148 2833 bedarf
1176 2811 1211 2833 es
1243 2801 1358 2834 keiner
1391 2801 1547 2835 weiteren
1584 2802 1782 2846 Anderung.
1829 2801 1866 2844 b)
1897 2800 1984 2835 Hier

450 2847 582 2880 scheint
606 2847 703 2880 trabe
728 2845 936 2888 ausgefallen
961 2857 1000 2879 zu
1026 2845 1107 2880 sein.
1134 2846 1258 2880 Matth.
1278 2846 1355 2888 VH,
1382 2851 1413 2882 3.
1455 2854 1489 2885 c)
1515 2848 1568 2882 W.
1596 2849 1763 2883 vermutet
1785 2847 1852 2882 mit
1873 2847 1986 2882 Recht

449 2893 672 2926 subsannavit
696 2891 729 2935 (ὁ
755 2891 887 2924 σοίννας
911 2904 955 2922 =
979 2892 1106 2934 fatuus,
1132 2892 1284 2934 stultus).
