2098 3432
1657 295 1741 339 293

53 395 103 453 f
165 418 319 449 onum
362 406 673 449 muneribus
718 408 908 450 universe
954 407 1004 450 de
1048 408 1220 463 imperio
1261 422 1335 464 per
1373 411 1533 452 vestros
1572 411 1741 454 ecclesie

56 493 65 505 ,.
165 463 426 513 subiaceant,
465 463 655 506 videlicet
693 466 741 506 ut
777 467 865 507 tam
904 465 1073 508 ecclesie
1105 478 1234 519 quam
1264 467 1453 517 cenobia,
1495 467 1644 521 quibus
1676 469 1740 510 vel

59 539 94 583 ³2
163 520 282 620 panis
328 520 576 563 cottidianus
618 534 702 564 non
748 522 912 574 sufficit,
957 523 1000 564 in
1042 523 1276 576 erogatione
1306 524 1489 578 pecunie,
1534 525 1578 565 in
1617 527 1741 580 pastu

181 577 428 628 amiliarum,
446 578 492 620 in
508 579 787 621 stabulatione
809 592 1011 633 equorum
1030 579 1218 622 Romane
1241 581 1409 623 ecclesie
1430 594 1553 636 super
1574 595 1740 624 omnem

56 657 105 685 „2
162 634 482 691 possibilitatem
531 648 652 677 suam
702 636 906 679 deservire
967 637 1327 692 compellantur.*)
1399 638 1488 680 Hec
1537 639 1742 692 siquidem

23 731 26 732 ⁷
63 719 101 745 2
162 693 207 735 et
248 692 368 748 plura
414 692 479 734 his
525 693 814 736 serenissimus
859 694 1052 737 dominus
1096 696 1238 736 noster
1280 695 1506 750 imperator
1550 696 1593 737 in
1638 696 1740 739 facie

70 754 98 809 'J
162 748 401 804 sollempnis
451 749 563 792 curie
621 751 741 793 nobis
798 752 1034 806 ceterisque·
1075 752 1328 806 principibus
1379 753 1466 795 suis
1515 754 1742 808 proposuit,

163 806 387 851 ostendens
418 807 639 858 evidenter,
671 808 780 862 quod
811 809 917 851 tales
947 808 1118 850 iniurias
1151 809 1203 850 ad
1224 822 1448 862 gravamen
1469 823 1640 864 persone
1668 824 1741 853 sue

59 870 110 923 241
162 865 206 907 et
223 864 558 907 imminutionem
587 865 752 907 honoris
782 865 946 920 imperii
975 879 1052 908 nec
1080 867 1212 920 possit
1241 879 1318 908 nec
1347 867 1495 909 debeat
1525 868 1742 911 sustinere.

275 941 399 984 Unde
438 942 481 983 et
515 954 611 992 1108,
653 943 723 995 qui
766 942 816 984 de
853 942 1131 985 conservando
1172 946 1214 984 et
1243 943 1551 986 manutenendo
1580 944 1669 986 iure
1701 947 1743 987 et

161 998 315 1041 honore
354 998 516 1054 imperii
554 1000 795 1053 imperatori
837 1003 878 1042 et
914 1000 1067 1042 illustri
1097 1000 1181 1042 filio
1213 1013 1308 1051 suo,
1338 1001 1623 1043 Romanorum
1653 1002 1740 1055 regi

162 1057 360 1110 augusto,
404 1067 478 1111 per
522 1058 831 1099 sacramentum
875 1060 1087 1108 tenemur,
1132 1057 1426 1100 nichilominus
1468 1071 1632 1112 quoque
1678 1072 1742 1101 re-

161 1113 338 1156 verende
373 1113 500 1155 matri
533 1115 676 1156 nostre
714 1118 856 1156 sancte
886 1115 1075 1157 Romane
1115 1115 1283 1157 ecclesie
1314 1115 1543 1158 dilectionis
1574 1118 1615 1157 et
1645 1117 1740 1158 obe-

163 1169 302 1213 dentie
345 1170 483 1213 debito
529 1171 798 1226 astringimur
843 1174 886 1213 et
922 1175 1140 1226 paternam
1177 1173 1443 1214 sanctitatem
1479 1175 1663 1215 vestram
1698 1174 1740 1215 in

87 1231 89 1234 '
162 1227 299 1271 intimi
342 1227 475 1270 cordis
521 1228 756 1271 sinceritate
793 1229 1092 1284 amplectimur,
1139 1229 1426 1272 excellentiam
1460 1231 1641 1272 vestram
1672 1231 1742 1272 ob-

159 1284 254 1329 nixe
291 1286 486 1340 rogantes
523 1285 654 1327 totius
690 1286 940 1328 humilitatis
980 1290 1022 1328 et
1057 1287 1196 1328 filialis
1236 1286 1464 1329 devotionis
1504 1287 1640 1330 studio
1672 1288 1742 1329 de-

188 1355 390 1395 recamur,
421 1343 619 1396 quatinus
651 1343 702 1384 ad
733 1343 903 1386 laudem
922 1343 1001 1386 Dei
1023 1345 1064 1386 et
1082 1356 1229 1398 pacem
1250 1357 1298 1386 ac
1333 1345 1539 1386 unitatem
1570 1345 1739 1387 ecclesie

135 1399 139 1406 ’
202 1401 240 1443 01
271 1401 313 1442 et
340 1399 521 1455 imperii,
561 1413 642 1454 que
681 1413 793 1443 nunc
832 1401 909 1444 toti
946 1401 1103 1443 mundo
1141 1401 1412 1443 desideranda
1450 1401 1563 1444 venit
1602 1405 1643 1443 et
1674 1415 1740 1444 ex-

161 1457 353 1514 optanda,
384 1470 443 1508 ea,
475 1470 555 1512 que
587 1457 639 1500 ad
669 1471 894 1511 gravamen
913 1458 1076 1513 imperii
1097 1458 1207 1500 facta
1227 1459 1510 1509 dinoscuntur,
1542 1460 1740 1513 quoniam

161 1526 189 1559 a
214 1514 333 1558 nobis
364 1527 412 1557 ea
432 1515 629 1557 sustineri
660 1517 734 1557 aut
763 1517 840 1558 sub
862 1516 1026 1558 silentio
1056 1516 1246 1571 preteriri
1274 1516 1371 1558 fidei
1399 1519 1539 1559 nostre
1571 1516 1740 1559 sinceri-

52 1574 94 1630 ᾗ,
160 1572 243 1615 tati
267 1572 510 1615 nullatenus
531 1573 779 1624 conveniret,
810 1573 962 1616 saniori
993 1586 1089 1616 vero
1111 1573 1277 1628 expedit
1298 1574 1477 1624 consilio,
1507 1575 1736 1629 permutari

134 1657 137 1659 -
161 1626 335 1673 faciatis.
378 1629 611 1681 Veraciter,
651 1630 686 1672 si
725 1630 825 1684 quid
856 1643 880 1673 a
910 1631 1075 1673 domino
1104 1632 1353 1686 imperatore
1384 1631 1663 1673 intelleximus
1696 1634 1736 1673 et

67 1689 87 1701 ''
160 1699 242 1743 pro
263 1687 354 1743 ipso
383 1689 600 1738 testamur,
641 1689 713 1740 qui
741 1690 915 1743 paratus
947 1690 1011 1730 est
1050 1690 1091 1730 et
1121 1701 1284 1743 semper
1314 1688 1394 1730 fuit
1425 1689 1476 1730 ad
1506 1688 1738 1731 faciendam

86 1747 87 1751 ’
158 1743 366 1787 iustitiam
403 1747 446 1787 et
481 1744 759 1800 recipiendam
798 1747 841 1788 et
879 1758 1003 1801 super
1043 1746 1127 1796 1118,
1173 1759 1252 1799 que
1290 1746 1487 1788 adversus
1518 1746 1738 1800 imperium

161 1801 333 1845 ecclesia
375 1803 656 1857 proposuerit,
701 1803 851 1845 iudicio
890 1803 1096 1845 amicabili
1111 1806 1138 1837 ἃ)
1180 1804 1371 1857 componi
1409 1805 1481 1845 aut
1520 1804 1736 1845 arbitratui

157 1859 362 1903 bonorum
389 1859 575 1902 virorum
616 1872 835 1902 assensum
866 1860 1151 1903 indubitanter
1179 1861 1362 1915 prebere.
1421 1861 1596 1915 Propter
1628 1861 1736 1914 quod

43 1907 89 1950 ’Ϊ-
119 1947 122 1951 .
157 1915 418 1961 honorabiles
446 1917 567 1965 virOS,
599 1918 785 1960 litterata
814 1918 1007 1973 preditos,
1046 1918 1268 1972 prudentia
1299 1920 1339 1960 et
1370 1918 1612 1960 discretione
1643 1931 1738 1960 con-

158 1974 338 2031 spicuos,
366 1974 638 2017 Woltwinum
675 1975 954 2031 prepositum,
998 1975 1249 2029 magistrum
1293 1975 1504 2018 Andream
1512 1976 1542 2010 b)
1577 1975 1737 2017 schola-

48 2004 84 2050 γ’
157 2031 312 2075 sticum
362 2031 602 2087 Spirensem
657 2034 699 2075 et
747 2034 998 2087 magistrum
1046 2032 1271 2075 Ludolfum
1322 2033 1734 2087 Magdeburgensem,

156 2088 371 2133 sanctita&
400 2090 537 2132 vestre
568 2089 763 2132 duximus
793 2090 1157 2141 transmittendos,
1187 2093 1405 2145 paternam
1435 2090 1735 2144 benignitatem

157 2146 340 2189 vestram
355 2147 600 2202 propensius
617 2151 845 2199 exorantes,
877 2148 1074 2202 quatinus
1092 2149 1290 2190 consueta
1307 2147 1526 2201 apostolice
1541 2159 1736 2189 mansue-

154 2201 313 2246 tudinis
326 2203 505 2247 karitate
521 2217 592 2247 eos
605 2205 787 2260 recipere
809 2207 861 2256 et,
884 2218 964 2259 que
983 2218 1031 2247 ex
1046 2206 1164 2260 parte
1179 2207 1322 2246 nostra
1340 2205 1638 2260 proposuerint,
1655 2205 1735 2246 010-

154 2262 319 2304 menter
334 2261 475 2304 audire
486 2261 713 2316 dignemini
724 2275 771 2305 ac
781 2263 916 2305 verbis
929 2276 1072 2307 eorum
1087 2262 1213 2304 fidem
1230 2262 1509 2304 indubitatam
1525 2262 1732 2304 adhibere.

273 2425 294 2450 a
333 2414 379 2450 So
403 2415 545 2451 Radulf.
594 2415 784 2461 Ludewig:
809 2416 949 2451 iusticie
976 2415 1164 2451 amirabili.

76 2471 97 2501 *ς
272 2462 295 2498 b
335 2461 442 2497 Soist
452 2461 544 2497 nach
562 2462 700 2498 Winter
713 2474 755 2498 zu
767 2463 872 2499 lesen.
902 2463 1088 2507 Ludewig:
1113 2462 1340 2497 Woltwinum
1359 2462 1573 2508 prepositum
1589 2461 1733 2506 Magde-

54 2514 68 2542 ’ἲ
82 2514 102 2546 ‘2
138 2509 375 2555 burgensem,
399 2509 589 2545 Andream.

91 2552 106 2565 ''
274 2556 307 2602 =⁸¹)
332 2548 505 2592 Ehnliche
528 2556 667 2602 magen
701 2557 736 2593 S.
765 2560 849 2602 110,
888 2558 1002 2593 ferner
1033 2559 1090 2593 bei
1125 2558 1293 2593 Lambert
1326 2569 1354 2592 v,
1381 2555 1556 2598 Hersfeld,
1592 2553 1732 2590 Gerhoh

155 2614 187 2640 v.
209 2602 482 2648 Reichereberg,
514 2603 568 2639 De
593 2604 863 2649 investigatione
888 2605 1048 2641 Antichr.
1074 2605 1103 2649 Ι,
1129 2618 1157 2640 c.
1187 2607 1338 2647 52—56,
1374 2603 1484 2638 Gesta
1508 2602 1732 2637 Treverorum

85 2640 114 2706 {7ss
152 2660 183 2687 e.
209 2652 266 2687 92.
