2098 3432
52 969 89 1050 '3-›2'23'
51 676 100 958 Δῖηωῦξῗηῄ,
63 611 90 667 '‘f-⁴⁶5]
70 507 78 514 Ἴ.
70 478 71 482 .
83 396 90 405 ,ι
79 371 82 373 y
74 341 91 351 ι,
80 326 83 331 ,
72 276 75 278 ⁴
66 251 83 265 2*
73 210 94 239 A„
71 190 84 198 ¹.
71 158 91 178 :';

1650 242 1731 284 103

164 355 216 399 ιὰ
253 355 461 398 civitatem
491 354 676 397 fecimus.
735 354 924 396 Mirabile
955 355 998 396 et
1026 354 1291 397 inscrutabile
1321 355 1521 398 iudicium
1550 356 1639 398 Dei.
1699 358 1735 398 A

107 426 111 427 ⁷
163 413 290 456 tercia
308 425 441 466 usque
463 412 513 454 ad
535 425 687 454 nonam
710 412 1035 454 munitissimam
1056 412 1278 462 civitatem,
1310 426 1416 466 quae
1437 426 1541 468 pene
1566 415 1734 455 centum

163 472 298 514 turres
327 470 527 520 habebat,
558 469 598 511 vi
628 469 835 524 cepimus,
874 469 969 523 igne
999 469 1192 511 videlicet
1222 471 1264 511 et
1294 470 1451 523 gladio,
1492 472 1534 512 et
1562 471 1734 512 infinitis

164 527 303 594 spoliis
334 527 529 581 acceptis,
567 527 758 581 pluribus
788 527 883 580 igne
913 526 1190 580 consumptis,
1231 527 1419 569 funditus
1451 541 1542 569 eam
1573 527 1736 570 destru-

162 585 309 628 ximus.
365 584 468 626 Inde
507 585 652 626 euntes
692 597 836 626 versus
867 585 1099 634 Anconam
1140 584 1401 648 Paliologum
1431 585 1735 627 nobilissimum

150 642 387 706 principem
417 641 646 684 Grecorum
683 643 726 683 et
754 641 1044 691 Maroducam,
1080 642 1239 683 socium
1278 642 1387 692 eius,
1427 655 1522 684 cum
1563 643 1735 685 caeteris

152 698 321 742 *nunciis
351 698 798 753 Constantinopolitani
829 699 969 740 obvios
998 698 1233 740 habuimus.
1278 697 1360 750 Qui
1389 701 1438 740 ut
1466 699 1510 741 in
1539 700 1735 754 Apuliam

162 756 315 798 iremus
345 757 388 798 et
416 757 579 798 hostem
608 755 828 809 utriusque
858 755 1022 810 imperii
1050 755 1324 797 Wilhelmum
1354 757 1540 810 potentia
1569 757 1734 798 virtutis

162 814 327 856 nostrae
346 815 555 856 conterere
577 813 789 863 vellemus,
819 813 1025 854 infinitam
1045 813 1263 867 pecuniam
1283 813 1401 855 nobis
1432 814 1529 855 dare
1561 827 1736 869 spopon-

162 870 322 914 derunt.
371 870 479 922 Quia
499 883 594 913 vero
623 870 777 912 milicia
805 872 950 911 nostra
978 874 1146 924 propter
1174 871 1332 912 multos
1362 871 1525 913 labores
1556 873 1598 913 et
1627 872 1736 913 bella

162 926 286 971 nimis
307 928 452 970 att-rita
471 928 561 978 fuit,
591 928 749 982 placuit
777 927 911 981 magis
943 927 1195 982 principibus
1225 927 1370 978 redire,
1402 941 1529 982 quam
1559 929 1601 969 in
1622 930 1736 983 Apu-

162 985 262 1028 liam
281 985 536 1035 descendere.
589 985 739 1038 Sicque
768 985 886 1027 nobis
907 985 1176 1027 redeuntibus
1199 986 1241 1026 et
1262 985 1405 1027 Grecis
1427 998 1523 1027 cum
1543 986 1736 1040 superbia

162 1042 441 1085 multitudinis
472 1055 572 1084 suae
603 1045 644 1084 et
675 1042 838 1097 copiosa
867 1042 1044 1097 pecunia
1073 1042 1115 1083 in
1138 1043 1333 1096 Apuliam
1364 1043 1570 1093 euntibus,
1600 1043 1735 1085 Palio-

162 1099 280 1155 logus
318 1102 414 1154 post
453 1100 651 1155 adeptum
681 1100 841 1141 Barum
871 1101 912 1141 et
941 1099 1217 1141 munitionem
1248 1100 1505 1142 destructam
1535 1100 1654 1151 obiit,
1694 1103 1736 1142 et

162 1157 420 1208 wilhelmus,
451 1159 700 1211 congregato
722 1157 914 1207 exercitu,
935 1158 1105 1211 repente
1126 1157 1169 1198 in
1191 1157 1346 1199 Grecos
1367 1157 1499 1208 irruit,
1530 1161 1572 1199 et
1592 1158 1735 1212 paucis

162 1214 292 1270 captis
313 1217 355 1256 et
374 1215 547 1257 caeteris
569 1214 723 1265 occisis,
753 1227 918 1256 omnem
938 1214 1158 1268 pecuniam
1188 1214 1470 1269 asportavit*).
1523 1215 1610 1257 Nos
1642 1228 1736 1257 vero

162 1283 258 1314 cum
291 1273 473 1314 maxima
510 1272 681 1314 victoria
721 1285 746 1314 a
773 1272 863 1313 Deo
901 1271 1019 1314 nobis
1049 1271 1244 1326 prestita,
1284 1272 1451 1325 qualem
1490 1286 1586 1314 cum
1621 1273 1735 1314 mille

164 1329 408 1383 octingentis
462 1329 664 1372 militibus
719 1329 997 1382 conquisitam
1048 1329 1163 1384 prius
1207 1342 1441 1382 numquam
1488 1330 1735 1380 audivimus,

161 1385 369 1429 Veronam
398 1400 532 1441 usque
563 1387 839 1441 pervenimus.
892 1386 1082 1438 Qualiter
1111 1386 1172 1427 illi
1200 1386 1243 1428 in
1273 1386 1486 1441 precipitio
1518 1387 1735 1429 cuiusdam

162 1443 314 1486 montis
333 1445 450 1486 nobis
470 1444 641 1486 insidias
671 1444 896 1499 posuerint,
928 1446 970 1486 et
1000 1443 1179 1497 qualiter
1209 1457 1233 1486 a
1261 1444 1381 1486 nobis
1412 1444 1533 1486 occisi
1564 1446 1606 1486 et
1635 1445 1737 1486 duo-

162 1500 295 1543 decim
314 1502 503 1556 suspensi
524 1501 618 1552 sint,
647 1503 695 1543 tu
717 1501 882 1543 audisti.
934 1501 1023 1543 Scis
1055 1501 1182 1543 etiam
1212 1501 1254 1542 in
1285 1501 1439 1551 ordine,
1471 1514 1598 1555 quam
1628 1502 1737 1544 inter

162 1557 332 1600 fratrem
372 1561 495 1601 tuum
533 1559 682 1601 ducem
721 1559 915 1601 Austriae
957 1561 999 1600 et
1038 1559 1186 1600 ducem
1217 1559 1433 1600 Baioariae
1475 1559 1735 1601 concordiam

162 1615 397 1667 fecerimus,
433 1619 476 1659 et
516 1629 643 1670 quam
683 1616 858 1670 gloriose
890 1615 1146 1658 Fridericum
1176 1616 1219 1657 in
1250 1616 1482 1658 Coloniensi
1514 1617 1735 1671 archiepis-

163 1675 311 1728 oopatu
341 1674 713 1716 sublimaverimus.
772 1674 887 1715 Haec
916 1686 1050 1728 pauca
1080 1673 1222 1728 paucis
1254 1674 1551 1728 comprehensa
1580 1675 1734 1716 illustri

162 1730 326 1785 ingenio
356 1733 429 1774 tuo
458 1731 673 1774 dilatanda
702 1733 745 1774 et
774 1731 1093 1786 multiplicanda
1121 1731 1384 1786 porrigimus.

407 1849 565 1906 XXXW.
599 1849 821 1907 Conventio
857 1849 1139 1914 Beuvcntana„
1174 1849 1271 1906 Juni
1306 1849 1494 1911 1156.**)

519 1917 742 1961 (Watterich‚
768 1917 869 1952 Pont.
896 1917 996 1952 Rom.
1022 1916 1126 1952 Vitae
1151 1916 1199 1960 H,
1226 1919 1295 1952 352
1322 1917 1372 1962 ff.)

273 1983 324 2026 In
350 1984 516 2027 nomine
536 1984 704 2027 Domini
723 1984 802 2026 Dei
823 1984 980 2026 aeterni
1001 1985 1044 2026 et
1063 1983 1279 2026 salvatoris
1300 1984 1431 2025 nostri
1450 1984 1547 2026 Iesu
1569 1984 1734 2026 Christi.

163 2042 306 2084 Amen.
363 2041 540 2084 Domino
569 2042 780 2084 Hadriano
810 2042 889 2084 Dei
925 2041 1059 2095 gratia
1095 2043 1263 2083 sanctae
1294 2042 1507 2083 Romanae
1539 2042 1733 2083 ecclesiae

281 2121 314 2166 *)
338 2121 405 2156 Die
429 2121 670 2166 griechischen
697 2120 901 2156 Gesandten
925 2132 1058 2156 waren:
1085 2119 1238 2154 Michael
1262 2121 1473 2165 Palaologus
1499 2133 1532 2156 ιι.
1557 2121 1736 2156 Johannes

163 2167 290 2204 Ducas.
337 2168 369 2202 V
369 2168 417 2214 gL
444 2167 529 2204 Otto
553 2167 640 2203 Fris.
668 2167 778 2203 Gesta
805 2169 852 2211 ΙΙ,
887 2180 916 2203 c.
943 2171 1000 2211 36,
1034 2171 1077 2203 37
1113 2179 1147 2202 ιι.
1174 2170 1239 2211 49;
1272 2167 1465 2202 Kinnamos
1491 2168 1551 2211 IV,
1587 2171 1601 2202 1
1631 2180 1664 2203 u
1692 2171 1732 2212 23

162 2215 306 2250 Nicotas
322 2215 369 2260 ΙΙ,
369 2180 481 2258 g3120
506 2215 592 2250 Vita
608 2215 794 2259 Hadriani,
819 2197 1018 2250 Wattericli
1033 2215 1080 2258 H,
1107 2216 1175 2249 332
1201 2227 1235 2249 u.
1255 2226 1375 2249 ausser
1400 2215 1465 2249 den
1492 2215 1622 2250 bereits
1647 2216 1734 2262 oben

164 2244 946 2355 ffglessfgfiiinggfirlffipiegrissffgerzuaBsszagz
978 2262 1069 2344 lsleiilzz
1071 2261 1223 2345 3135er
1239 2273 1353 2345 1ἷ154ει
1359 2261 1491 2344 τνὲιᾱὲ
1497 2265 1616 2344 ἰοῗιὸἰιι
1639 2256 1736 2344 ἓξὲξ·

164 2355 391 2402 Anmerkung
415 2368 457 2392 zu
481 2368 533 2392 nr.
559 2357 731 2391 XXXVII
755 2357 920 2392 handeln.

281 2403 334 2447 **)
351 2404 549 2439 Watterich
565 2404 644 2449 gibt
669 2404 763 2439 diese
779 2404 948 2439 Urkunde
963 2404 1054 2439 nach
1073 2403 1230 2446 Oeneius,
1255 2403 1344 2438 liber
1369 2414 1534 2438 censuum
1559 2403 1615 2438 fol.
1638 2404 1733 2438 1281)

163 2461 197 2487 u.
222 2450 413 2494 Batonius,
437 2450 529 2487 Ann.
554 2451 635 2486 eccl.
662 2451 707 2485 ad
733 2463 811 2487 ann.
842 2454 942 2486 1156.
991 2451 1071 2494 Vgl.
1098 2451 1187 2485 dazu
1212 2451 1318 2485 Prutz
1346 2450 1734 2494 I‚108f.;Weiland

162 2497 200 2533 in
216 2497 338 2543 Sybels
362 2479 458 2534 Hi’st.
475 2498 678 2533 zeitschrift
701 2498 767 2534 Bd.
785 2502 842 2541 31,
869 2497 903 2533 S.
923 2501 1010 2541 461;
1036 2498 1184 2542 Jungfer
1210 2509 1239 2533 a.
1267 2509 1297 2533 a.
1325 2497 1384 2540 O.;
1411 2479 1546 2531 Detloff'
1568 2509 1598 2532 a.
1626 2508 1656 2532 a.
1674 2496 1733 2539 03

165 2543 443 2588 GiesebrechtV‚
461 2546 581 2588 100f.;
607 2545 765 2580 Ribbeck
782 2557 812 2581 a.
828 2557 858 2580 a.
874 2544 914 2580 Ο.
937 2545 972 2581 S.
990 2546 1099 2588 10ff.;
1125 2545 1376 2591 Varrentrapp,
1394 2545 1462 2578 Zur
1476 2543 1685 2579 Geschiclite
1700 2544 1733 2579 d.

165 2591 198 2628 d.
214 2591 408 2627 Kaiserzeit
432 2593 468 2626 in
494 2592 617 2637 Sybels
634 2592 729 2628 Hist.
747 2592 915 2628 Zeitschr.
934 2595 991 2635 47,
1010 2595 1090 2628 407.
1131 2592 1226 2626 Uber
1244 2591 1300 2626 die
1318 2591 1653 2626 kirchenrechtliche
1670 2592 1735 2626 Be-

164 2638 322 2684 deutung
354 2639 414 2674 des
437 2639 663 2674 Konkordats
693 2651 738 2684 vg
738 2639 762 2674 l.
787 2639 1001 2682 Hinschius,
1039 2639 1177 2684 System
1213 2639 1274 2673 des
1299 2638 1542 2673 katholischen
1567 2638 1735 2673 Kirchen-

163 2685 280 2722 rechts
294 2686 343 2729 H,
369 2689 436 2722 594
460 2686 496 2729 f.,
522 2689 590 2721 600
603 2687 639 2729 f.,
656 2686 724 2730 III,
749 2689 829 2722 309.
867 2686 939 2721 Der
955 2686 1079 2721 Friede
1104 2697 1169 2721 von
1194 2686 1372 2720 Benevent
1396 2685 1560 2720 verstiess
1585 2685 1648 2720 wie
1674 2685 1735 2720 der

163 2734 271 2768 etwas
287 2735 425 2779 spatere
440 2733 564 2768 Friede
580 2734 647 2768 mit
672 2734 738 2768 den
752 2734 903 2768 Riimern
928 2745 1041 2778 gegen
1059 2733 1124 2768 den
1141 2733 1361 2767 Konstanzer
1377 2732 1539 2776 Vertrag,
1566 2732 1627 2766 der
1644 2743 1734 2766 zwar

165 2779 243 2815 dem
258 2779 456 2815 Wortlaute
473 2780 563 2814 nach
579 2792 646 2815 nur
664 2780 845 2816 Friedrich
863 2780 1112 2826 verpflichtete,
1140 2780 1263 2815 keinen
1281 2779 1487 2824 einseitigcn
1504 2778 1651 2813 Frieden
1669 2779 1735 2813 mit

165 2825 304 2862 Sizilien
315 2839 350 2863 u.
366 2827 433 2862 den
446 2827 597 2862 Riimern
610 2839 652 2862 zu
665 2828 824 2871 macheu,
849 2827 927 2862 dem
943 2827 1063 2862 Geiste
1075 2827 1166 2862 nach
1180 2828 1263 2862 aber
1277 2827 1333 2861 (lie
1345 2826 1480 2870 gleiche
1492 2825 1735 2860 Verbindlich-

165 2873 238 2910 keit
261 2874 314 2910 als
337 2874 688 2910 selbstverstiindlich
713 2875 770 2910 fiir
795 2874 863 2910 den
887 2874 963 2910 Teil
988 2876 1236 2918 voraussetzte,
1270 2885 1312 2908 zu
1339 2873 1462 2909 dessen
1489 2871 1649 2908 Gunsten
1675 2873 1736 2908 der
