2098 3432
0 2017 5 2025 ³
9 1974 13 1983 -
6 1963 7 1966 „
0 1948 7 1955 ³
0 1929 22 1936 ζ
0 1917 3 1919 ·
0 1755 26 1907 ‘mxx-‚1351
0 1673 20 1747 ‘ks-k)
0 1572 31 1667 'aaz-19—
6 1505 26 1563 '³5⁸7

27 743 34 756 f*

12 763 13 766 ¹
25 757 35 773 A

15 948 19 957 .

17 994 22 1000 ’”
34 990 43 1013 ⁴1

14 1276 39 1306 ·’;

19 1331 41 1345 4

16 1346 37 1357 ⁴.

13 1496 34 1516 t.

1613 307 1695 347 251

122 417 236 461 vobis
275 417 510 473 supradicto
548 417 701 460 illustri
739 418 827 472 regi
857 418 1081 460 Wilhelmo
1121 431 1249 472 quam
1289 419 1510 462 heredibus
1552 420 1700 462 vestris

52 519 58 523 ,
122 477 166 519 et
199 487 325 529 regno
355 476 492 517 vestro
531 477 573 516 et
612 475 689 517 toti
727 478 834 518 terre
866 475 1157 518 dominationis
1187 478 1324 518 vestre
1355 477 1625 519 attendantur
1657 481 1699 519 et

120 533 408 576 observentur:
448 545 524 574 nos
563 532 771 588 predictus
807 533 1032 588 imperator
1072 534 1180 575 bona
1215 534 1316 584 fide,
1357 535 1445 576 sine
1477 534 1621 576 fraude
1656 537 1698 576 et

54 594 61 599 ‘
120 590 229 633 malo
257 589 422 645 ingenio
451 589 494 631 in
523 590 733 644 presentia
761 591 990 632 beatissimi
1015 591 1146 646 patris
1177 593 1308 634 nostri
1338 605 1444 647 pape
1475 592 1699 634 Alexandri

37 654 56 700 ’ἢ
121 648 165 691 et
205 647 478 690 cardinalium
531 649 573 688 et
622 648 856 701 legatorum
899 650 1132 690 vestrorum
1175 649 1398 690 Romualdi
1451 650 1696 691 venerabilis

121 704 371 748 SaLernitani
415 704 709 760 archiepiscopi
760 706 802 746 et
840 706 1007 759 Rogerii
1060 706 1213 759 egregii
1262 707 1422 748 comitis
1462 707 1615 749 Andrie
1657 709 1699 749 et

55 803 57 805 ,
117 762 350 819 principum
380 775 427 804 ac
455 762 639 804 fidelium
668 766 908 804 nostrorum
939 775 964 804 a
993 764 1142 805 comite
1169 763 1363 806 Heinrico
1394 764 1443 805 de
1474 764 1623 806 Diessa
1655 765 1698 805 in

48 839 53 859 ;
120 819 259 863 anima
285 821 430 862 nostra
459 832 584 874 super
613 822 758 862 sancta
786 820 864 862 Dei
895 821 1111 874 euangelia
1152 822 1193 862 et
1232 824 1471 863 sanctorum
1500 822 1698 875 reliquias

53 902 59 934 χ
118 877 246 920 iurari
289 877 462 919 fecimus
509 879 550 919 et
593 877 838 920 Heinricum
881 877 1015 919 filium
1059 880 1250 920 nostrum
1294 891 1368 932 per
1407 879 1730 933 interpositam>

59 953 63 955 ’
118 934 289 989 dignam
317 947 539 990 personam
567 935 611 976 in
643 935 781 976 anima
811 947 888 977 sua
917 935 960 976 id
989 935 1127 990 ipsum
1156 935 1293 977 iurare
1332 935 1532 978 faciemus
1563 949 1695 990 usque

119 991 168 1034 ad
185 992 371 1034 medium
385 992 576 1034 futurum
594 992 882 1047 Septembrem
897 992 1132 1035 indictionis
1154 993 1382 1035 undecime.
1412 994 1466 1035 Et
1486 994 1692 1048 principes

44 1042 51 1099 J
117 1051 280 1092 nostros
310 1050 422 1092 idem
459 1049 596 1092 iurare
626 1049 821 1100 fecimus,
859 1049 1053 1092 videlicet
1083 1050 1369 1092 Christianum
1399 1051 1693 1104 Maguntinum

47 1115 51 1142 ῖ
118 1107 480 1163 archiepiscopum,
501 1107 732 1149 Arnoldum
751 1108 1047 1149 Treverensem
1068 1108 1432 1162 archiepiscopum,
1454 1108 1692 1150 Conradum

43 1178 45 1186 ⁴
71 1184 73 1186 ·
118 1163 483 1208 Guormaciensem
504 1165 694 1215 electum,
721 1164 992 1207 Godefridum
1011 1165 1236 1220 imperialis
1266 1166 1358 1207 aule
1390 1166 1695 1215 cancellarium,

116 1221 390 1265 Wortwinum
427 1223 774 1273 protonotarium,
813 1222 1095 1264 marchionem
1135 1223 1434 1264 Theodericum
1475 1223 1524 1265 de
1564 1224 1698 1274 Lusiz‚

115 1279 374 1323 Florentium
425 1280 619 1323 comitem
663 1279 886 1330 Holandie‚
938 1280 1132 1322 comitem
1185 1280 1398 1323 Dedonem
1445 1280 1494 1322 de
1545 1281 1697 1335 Groyx,

118 1337 312 1380 comitem
335 1337 580 1380 Heinricum
611 1337 660 1379 de
691 1337 850 1388 Diessa,
882 1337 1078 1379 comitem
1107 1338 1371 1392 Roupertum
1401 1338 1450 1380 de
1482 1338 1639 1380 Durna.

229 1395 295 1438 Ad
331 1395 456 1438 huius
496 1398 638 1437 autem
666 1395 796 1450 pacti,
835 1394 1119 1450 promissionis
1160 1397 1202 1437 et
1230 1395 1454 1437 iuramenti
1486 1397 1617 1437 nostri
1650 1398 1691 1438 et

115 1451 299 1495 Heinrici
335 1452 445 1507 regis
482 1453 556 1494 filii
594 1453 725 1494 nostri
766 1456 807 1495 et
841 1452 1076 1507 principum
1105 1454 1342 1495 nostrorum
1373 1453 1618 1495 memoriam
1650 1456 1691 1495 et

115 1509 347 1554 inviolabile
385 1510 697 1552 firmamentum
725 1523 895 1564 presens
924 1510 1185 1565 privilegium
1215 1512 1406 1552 nostrum
1435 1523 1510 1565 per
1539 1524 1689 1553 manus

120 1567 330 1610 Wortwini
367 1567 637 1623 protonotarii
672 1568 804 1610 nostri
845 1567 966 1610 scribi
1005 1568 1179 1610 fecimus
1225 1571 1266 1609 et
1305 1568 1509 1622 imperiali
1554 1569 1687 1622 sigillo

115 1626 256 1668 nostro
310 1638 434 1668 aureo
487 1625 716 1680 sigillatum
766 1628 808 1668 et
851 1626 1130 1680 predictorum
1172 1625 1406 1680 principum
1450 1626 1683 1667 iuramento

115 1683 420 1725 communitum
463 1683 576 1726 vobis
622 1683 900 1738 suprascripto
939 1683 1091 1725 illustri
1130 1684 1218 1737 regi
1253 1683 1462 1725 Willelmo
1512 1683 1685 1725 fecimus

115 1740 325 1796 assignari.
401 1743 520 1783 Anno
572 1740 774 1783 dominice
827 1741 1121 1783 incarnationis
1184 1741 1404 1782 millesimo
1459 1742 1685 1783 centesimo

115 1798 420 1854 septuagesimo
451 1799 638 1854 septimo,
668 1811 811 1840 mense
841 1799 1033 1853 Augusti,
1065 1799 1224 1841 decima
1253 1798 1487 1841 indictione.

196 1901 355 1959 xtvm.
389 1902 613 1959 Schreiben
649 1901 885 1958 Friedriehs
920 1902 951 1958 Ι.
987 1918 1040 1959 an
1074 1902 1222 1959 Kaiser
1256 1902 1416 1958 Manuel
1451 1902 1608 1969 1177.*)

276 1981 485 2026 (Kap-Herr‚
510 1981 577 2016 Die
603 1981 813 2017 abendland.
840 1981 974 2016 Politik
997 1981 1124 2016 Kaiser
1148 1981 1309 2016 Manuels
1336 1980 1369 2016 S,
1400 1984 1465 2016 156
1491 1981 1529 2026 f.)

226 2057 498 2113 F(ridericus)
520 2058 659 2102 divina
678 2058 844 2101 favente
866 2058 1087 2100 clementia
1108 2058 1334 2113 imperator
1354 2057 1520 2099 inclitus
1543 2057 1691 2098 trium-

113 2114 264 2170 phator
284 2127 310 2158 a
329 2115 405 2158 deo
426 2117 646 2158 coronatus
668 2116 857 2158 sublimis
878 2116 921 2157 in
942 2115 1108 2159 Christo
1129 2115 1262 2157 fidelis
1284 2128 1462 2168 magnus
1494 2115 1693 2169 pacificus

113 2171 315 2226 gloriosus
345 2185 461 2216 cesar
488 2173 714 2216 Grecorum
744 2174 981 2216 moderator
1021 2185 1185 2228 semper
1225 2175 1442 2226 augustus,
1480 2172 1607 2214 nobili
1651 2174 1693 2213 et

234 2265 267 2309 ,*)
291 2264 477 2312 Kap-Herr
512 2265 698 2312 publiziert
735 2265 803 2300 den
826 2265 926 2300 Brief
958 2265 1050 2300 nach
1090 2265 1169 2300 dem
1207 2264 1290 2300 Cod.
1329 2264 1400 2310 pal.
1426 2264 1576 2300 Vindob.
1621 2267 1690 2299 953

116 2311 257 2356 (Salisb.
307 2313 387 2358 103)
437 2312 496 2349 fol.
542 2315 608 2349 138
632 2313 666 2348 b.
725 2313 892 2347 Derselbe
939 2312 989 2347 ist
1035 2312 1091 2347 die
1127 2313 1290 2347 Antwort
1335 2312 1397 2346 auf
1440 2312 1496 2346 ein
1540 2312 1577 2346 in
1625 2312 1691 2346 den

115 2358 270 2395 Annales
316 2359 504 2395 Stadenses
553 2360 615 2405 (M.
666 2359 708 2396 G.
759 2359 818 2396 SS.
867 2360 971 2403 XVI,
1021 2361 1105 2403 349)
1150 2359 1443 2405 fragmentarisch
1494 2359 1690 2394 erhaltenes

113 2405 301 2442 Schreiben
334 2406 460 2442 Kaisar
491 2407 661 2442 Manuels.
711 2407 767 2442 Da
803 2407 839 2442 in
877 2407 956 2442 dem
996 2407 1112 2442 Briefe
1151 2407 1312 2442 Manuels
1349 2406 1444 2440 einer
1484 2406 1689 2450 demiitigen

116 2451 392 2490 Gesandtschaft
435 2454 496 2489 des
540 2454 864 2490 Kih'dsch-Arslans
907 2466 973 2489 von
1019 2455 1180 2489 Ikonium
1223 2453 1449 2497 Erwahnung
1496 2453 1689 2498 geschieht,

113 2500 255 2536 Manuel
293 2502 376 2537 aber
410 2502 478 2536 mit
510 2502 640 2537 diesem
678 2513 756 2536 zum
793 2502 1015 2536 letztenmale
1048 2502 1097 2536 im
1128 2501 1236 2536 Jahre
1271 2504 1361 2536 1176
1395 2500 1575 2546 gek'ampft
1612 2500 1686 2542 hat,

115 2549 206 2584 sctzt
239 2547 428 2595 Kap-Herr
471 2548 538 2583 den
574 2549 674 2584 Brief
706 2549 866 2584 Manuels
900 2549 937 2583 in
975 2549 1031 2583 die
1067 2549 1174 2583 Jahre
1214 2547 1367 2592 1176177
1382 2575 1390 2590 ,
1428 2547 1483 2581 die
1521 2547 1684 2582 Antwort

113 2593 311 2631 Friedrichs
327 2595 364 2630 in
382 2596 446 2630 das
461 2595 550 2630 Jahr
569 2599 670 2632 1177.
683 2596 866 2631 -Manuel
882 2596 984 2630 hatte
1000 2596 1198 2630 Alexander
1214 2595 1279 2630 III.
1299 2595 1350 2629 als
1367 2594 1478 2639 Papst
1495 2595 1690 2629 anerkannt

114 2641 198 2688 (vgl.
223 2642 259 2679 S.
286 2645 353 2678 199
377 2644 480 2679 Α11111.
508 2644 544 2687 1)
577 2643 650 2678 und
680 2643 755 2678 sich
782 2643 895 2678 damit
919 2643 981 2677 auf
1004 2643 1059 2677 die
1084 2643 1178 2677 Seite
1204 2643 1265 2677 der
1291 2641 1429 2686 Gegner
1461 2641 1521 2676 des
1545 2641 1688 2676 Kaisers

113 2689 266 2734 gestent.
314 2690 357 2725 In
379 2689 521 2735 Anagni
545 2701 618 2725 war
641 2691 698 2725 ein
715 2690 973 2736 Separatfriede
996 2690 1064 2724 mit
1079 2690 1220 2724 Manuel
1246 2689 1282 2723 in
1299 2688 1468 2723 Aussicht
1483 2700 1688 2732 genommen

157 2747 271 2772 wesen
304 2737 466 2783 (Pactum
501 2737 744 2782 Anagninum,
777 2737 916 2772 Artikel
945 2739 1022 2780 10),
1063 2737 1099 2772 in
1126 2737 1285 2780 Venedig
1321 2737 1500 2780 begniigte
1525 2735 1600 2769 sich
1626 2735 1687 2770 der

113 2746 529 2867 ᾗμὲθῗίἷὸἓὲιζῗε
554 2785 701 2866 ῗθίἶὲ“’
718 2782 1685 2867 θῗρῖἓᾷιῖῗθῧὲἒοιὲἒθῗῑοἷῗίῧὲἱεῖοἳεῗῖῗῗέἓᾚῖῗὲῗ

113 2877 275 2922 (Paetum
303 2878 494 2922 Venetam,
527 2879 667 2914 Artikel
692 2843 764 2922 ι(10).
813 2879 893 2924 Vgl.
919 2878 1104 2925 Kap-Herr
1139 2890 1170 2913 a.
1202 2889 1233 2912 a.
1260 2877 1301 2913 Ο.
1328 2876 1362 2912 S.
1396 2841 1579 2912 1515—109
1613 2876 1686 2911 und

114 2922 342 2961 Giesebrecht
366 2937 397 2962 a.
424 2937 455 2962 a.
481 2925 522 2962 O.
547 2926 591 2970 V,
616 2926 821 2962 872—874!
