2098 3432
465 307 516 346 12

463 430 631 458 manum
670 417 882 457 extendere
924 417 1153 458 debeamus.
1210 416 1362 456 Idcirco
1400 416 1456 456 fili
1493 415 1535 456 in
1566 415 1726 457 Christo
1757 416 1991 459 charissime

461 473 625 525 Rogeri,
665 472 739 512 Dei
780 473 911 524 gratia
947 473 1118 525 Apuliae
1158 472 1238 512 dux
1274 485 1353 512 non
1389 471 1589 512 immerito
1627 471 1859 525 magnifice,
1897 473 1992 526 quia

462 528 656 580 gloriosae
686 528 901 568 memoriae
933 529 1088 580 genitor
1116 530 1212 568 tuus
1232 527 1429 579 Rogerius
1459 527 1587 568 multo
1618 527 1814 580 sanguine
1833 528 1996 570 multis-

462 597 539 636 que
576 583 776 624 laboribus
817 586 945 624 totam
982 584 1159 625 Siciliam
1200 584 1440 624 insulam..
1465 615 1473 623 .
1515 584 1723 624 ecclesiam
1761 583 1995 647 praedeces-

462 653 598 680 sorum
636 642 866 680 nostrorum
895 640 1050 681 Urbani
1082 642 1122 680 et
1150 639 1329 680 Pascalis
1369 639 1618 680 venerandae
1655 639 1872 681 memoriae
1913 640 1995 681 Ro-

462 709 673 736 manorum
722 695 964 736 Pontificum
1010 698 1050 736 et
1087 695 1308 736 innumeris
1348 695 1560 736 deservivit
1600 695 1800 748 obsequiis
1812 727 1821 744 ,
1867 695 1994 737 felicis

462 752 585 792 etiam
606 751 888 792 recordationis
909 753 1039 792 mater
1059 754 1141 799 tua,
1168 751 1242 791 viri
1263 751 1325 791 sui
1346 751 1531 792 nobiliter
1551 751 1722 804 vestigia
1742 752 1992 804 subsequens

462 821 532 861 pro
554 807 658 848 datis
689 807 765 847 sibi
796 820 818 847 a
838 807 1010 848 Domino
1041 807 1301 848 facultatibus
1332 807 1516 847 eamdem
1535 807 1611 848 Dei
1641 806 1851 848 ecclesiam
1879 808 1994 860 larga

460 862 713 904 liberalitatis
743 875 867 903 manu
897 863 1184 904 officiosissime
1206 863 1400 903 honorare
1423 866 1462 903 et
1492 864 1722 904 sustentare
1751 863 1917 912 curavit,
1946 866 1994 904 tu

462 931 641 971 quoque,
682 919 795 959 cuius
835 918 970 959 divina
999 919 1250 971 providentia
1279 919 1385 959 inter
1413 918 1589 970 reliquos
1618 919 1762 960 Italiae
1791 918 1992 973 principes

462 975 631 1028 amplior
670 974 891 1027 sapientiae
923 976 963 1014 et
991 975 1204 1027 potestatis
1234 974 1514 1028 praerogativa
1543 974 1731 1024 excessit,
1759 974 1993 1028 praedeces-

461 1044 570 1071 sores
606 1032 764 1071 nostros
805 1031 1128 1082 magnificentius
1169 1032 1362 1071 honorare
1404 1032 1444 1071 et
1483 1030 1755 1072 abundantius
1793 1030 1992 1072 deservire

461 1086 674 1127 studuisti:
717 1099 931 1139 personam
971 1089 1085 1127 tuam
1115 1089 1156 1127 et
1185 1086 1379 1127 heredum
1409 1088 1573 1127 tuorum
1602 1086 1808 1140 perpetuis
1838 1083 1991 1139 gratiae

461 1144 501 1183 ct
542 1142 700 1182 honoris
739 1142 871 1182 titulis
910 1143 1102 1183 adornare
1134 1145 1174 1183 et
1204 1143 1378 1183 exaltare
1409 1142 1594 1184 decrevit.
1653 1143 1683 1184 C
1696 1142 1993 1184 oncedimus

460 1198 622 1250 igitur
657 1200 706 1238 et
744 1198 987 1238 donamus
1028 1201 1077 1239 et
1115 1199 1501 1244 auctorizamuls⁴
1541 1197 1640 1239 tibi
1677 1201 1726 1240 et
1764 1198 1879 1240 filio
1908 1201 1993 1240 tuo

460 1253 681 1306 Rogerio
719 1256 766 1294 et
805 1254 927 1295 aliis
966 1254 1104 1295 filiis
1143 1255 1249 1295 tuis
1289 1254 1511 1295 secundum
1550 1256 1665 1296 tuam
1702 1254 1994 1296 ordinationem

460 1310 500 1350 in
530 1322 700 1361 regnum
731 1309 1023 1350 substituendis
1054 1312 1104 1350 et
1139 1311 1421 1351 heredibus
1453 1310 1560 1351 suis
1591 1323 1820 1352 coronam
1848 1310 1993 1364 regni

461 1365 671 1406 Siciliae
726 1367 775 1406 et
820 1365 1096 1406 Calabriae
1149 1368 1196 1406 et
1239 1366 1460 1420 Apuliae
1506 1368 1555 1407 et
1597 1366 1808 1408 universae
1851 1369 1993 1416 terrae,

460 1423 668 1473 quarum³>
690 1422 775 1462 tam
796 1434 869 1462 nos
892 1434 1015 1473 quam
1037 1424 1077 1463 et
1106 1422 1432 1475 praedecessores
1462 1422 1590 1463 nostri
1619 1422 1993 1476 praedecessoribus

459 1477 551 1526 tuis,
583 1477 752 1518 ducibus
773 1477 942 1530 Apuliae
971 1478 1200 1528 nominatiS‚
1229 1479 1405 1519 Roberto
1437 1478 1669 1527 Guiscardo,
1699 1479 1875 1520 Roberto
1905 1479 1992 1520 eius

458 1533 538 1574 filio
570 1533 752 1574 dedimus
784 1536 823 1574 et
852 1535 1141 1582 concessimus,
1177 1536 1221 1575 et
1260 1535 1427 1588 ipsum
1469 1547 1682 1587 regnum
1711 1534 1992 1576 habendum

460 1590 510 1629 et
545 1589 843 1630 universam
874 1590 1064 1642 regiam
1095 1590 1401 1642 dignitatem
1433 1594 1478 1630 et
1507 1592 1622 1632 iura
1651 1591 1854 1644 regalia
1883 1591 1992 1632 iure

458 1648 714 1698 perpetue
756 1645 1042 1686 habendum
1085 1646 1132 1686 in
1176 1650 1487 1700 perpetuum
1529 1648 1579 1687 et
1617 1646 1992 1688 dominandum.

459 1701 518 1740 Et
558 1701 799 1742 Siciliam
838 1705 992 1755 caput
1029 1702 1172 1755 regni
1211 1703 1600 1744 constituimus.
1661 1703 1784 1744 Porro
1825 1703 1996 1744 auctori-

459 1770 596 1797 zamus
634 1760 674 1797 et
712 1758 986 1807 concedimus,
1030 1767 1084 1799 ut
1127 1771 1214 1812 per
1252 1772 1432 1800 manus
1474 1759 1995 1813 archiepiscoporum

458 1817 623 1853 terrae
666 1818 807 1862 tuae,
848 1827 974 1865 quos
1004 1816 1256 1864 volueris,
1291 1816 1435 1856 iuxta
1473 1819 1613 1856 tuam
1643 1815 1998 1864 voluntatem,

459 1869 850 1910 assistentibus
895 1870 1020 1911 aliis
1066 1871 1351 1924 episcopis,
1399 1884 1524 1923 quos
1570 1872 1801 1912 volueris
1845 1874 1899 1912 tu
1947 1875 1998 1912 et

458 1925 535 1965 tui
567 1925 806 1974 heredes,
838 1926 886 1966 in
915 1939 1068 1990 reges
1098 1927 1427 1980 inungamini
1460 1931 1508 1968 et
1538 1927 1586 1968 in
1618 1927 1842 1968 statutis
1871 1930 1997 1968 tem-

457 1994 482 2033 p
494 1994 515 2021 o
527 1994 546 2020 r
561 1981 570 2021 i
584 1981 608 2021 b
618 1995 643 2021 u
657 1994 675 2022 s
705 1994 726 2022 c
737 1995 759 2021 o
770 1994 790 2021 r
801 1995 823 2022 o
834 1995 861 2021 n
871 1994 890 2022 e
903 1983 1006 2023 min
1020 1983 1041 2022 i.
1093 1983 1198 2024 Item
1219 1996 1359 2024 omnes
1380 1985 1665 2033 concessiones,
1695 1983 1929 2025 donationes
1955 1986 1995 2024 et

457 2049 684 2085 consensus,
708 2050 807 2089 quos
828 2038 1152 2090 praedecessores
1174 2041 1299 2080 nostri
1321 2039 1695 2093 praedecessoribus
1715 2040 1796 2080 tuis
1817 2039 1992 2081 Roberto

458 2092 699 2141 Guiseardo,
739 2093 912 2134 Roberto
953 2095 1033 2136 filio
1075 2096 1181 2143 eius,
1211 2096 1416 2136 Willelmo
1453 2095 1620 2137 ducibus
1650 2095 1819 2149 Apuliae
1849 2098 1890 2136 et
1918 2095 1992 2136 tibi

457 2125 749 2197 concesseiuht,
780 2149 1029 2191 donaverunt
1051 2155 1090 2192 et
1111 2127 1410 2200 consenserunt,
1441 2151 1650 2201 donamus,
1679 2151 1933 2193 concedimus
1955 2155 1996 2192 et

457 2205 730 2245 consentimus
751 2205 822 2246 tibi
846 2210 886 2246 et
906 2207 998 2247 filiis
1020 2207 1102 2247 tuis
1124 2210 1164 2248 et
1184 2208 1398 2249 heredibus
1419 2207 1501 2248 tuis
1532 2208 1764 2249 habendum
1794 2210 1835 2248 et
1862 2207 1992 2261 possi-

458 2260 635 2301 dendum
666 2261 705 2301 in
735 2265 987 2314 perpetuum.
1035 2263 1297 2304 Donamus
1338 2264 1492 2304 etiam
1523 2268 1571 2305 et
1602 2264 1992 2305 auctorizamus

458 2316 554 2357 tibi
600 2320 651 2357 et
694 2318 799 2357 tuis
843 2318 1128 2360 heredibus
1172 2320 1522 2384 principatum
1559 2321 1860 2373 Capuanum
1896 2332 1989 2361 cum

460 2373 647 2413 omnibus
668 2374 902 2414 tenimentis
924 2375 1017 2423 suis,
1040 2376 1380 2427 quemadmodum
1400 2377 1584 2430 princeps
1606 2376 1889 2430 Captianorum
1908 2377 1991 2416 tam

456 2427 496 2468 in
526 2429 727 2480 praesenti
759 2442 881 2481 quam
912 2431 950 2471 in
982 2407 1196 2483 piaeterito
1226 2434 1468 2479 tenuerunt,
1503 2433 1750 2473 honorem
1787 2444 1883 2484 quo
1898 2445 1959 2484 qu
1973 2444 1994 2472 e

457 2484 707 2537 Neapolis
749 2485 915 2538 eiusque
954 2487 1309 2539 pertinentiarum,
1355 2490 1403 2529 et
1442 2488 1699 2529 auxilium
1737 2488 1994 2530 hominum

456 2540 744 2581 Beneventi
794 2544 974 2582 contra
1021 2543 1200 2584 hostes
1251 2546 1368 2585 tuos
1418 2545 1670 2597 largimur
1714 2547 1761 2586 et
1803 2543 1994 2586 confir-

457 2609 496 2635 m
510 2609 617 2636 amu
630 2609 659 2637 s.
689 2597 785 2637 Tuis
806 2598 998 2650 porrectis
1020 2599 1281 2651 petitionibus
1311 2603 1535 2641 annuentes
1566 2600 1821 2642 concedimus
1841 2599 1993 2641 Panor-

456 2653 607 2693 mitano
619 2652 912 2707 archiepiscopo
930 2654 1095 2706 eiusque
1113 2657 1409 2698 successoribus
1426 2660 1466 2697 et
1477 2656 1786 2698 Panormitanae
1803 2655 1990 2698 ecclesiae

456 2708 773 2749 consecrationes
817 2711 941 2750 trium
979 2710 1254 2764 episcoporum
1297 2712 1472 2762 Siciliae,
1516 2713 1702 2754 videlicet
1739 2711 1992 2766 Syracusani,

535 2892 551 2923 t
575 2846 607 2886 a)
634 2844 694 2878 Ich
727 2847 878 2878 vermute
911 2856 1030 2889 quam3
1066 2846 1127 2879 das
1162 2846 1305 2880 Komma
1338 2847 1423 2881 nach
1457 2848 1683 2882 concessimus
1716 2847 1804 2882 habe
1827 2847 1899 2882 ich
1924 2846 1994 2880 ein-

454 2901 533 2934 gese
553 2894 596 2925 zt.
