2098 3432
469 279 525 320 40

470 389 634 438 dotavit,
665 389 779 429 donis
801 389 1042 429 coelestibus
1064 388 1281 436 exornavit,
1311 387 1456 428 ditavit
1474 387 1738 429 nihilominus
1759 390 1800 429 et
1819 389 1999 430 terrenis.

469 445 682 494 Liberabit,
711 445 889 496 inquam,
909 445 1113 492 liberabit;
1145 444 1214 484 sed
1236 443 1270 484 si
1290 443 1332 483 in
1352 455 1475 484 manu
1498 444 1674 493 alterius,
1694 444 1868 486 viderint
1887 445 2002 498 regni

467 502 681 555 principes,
710 501 801 541 idne
831 501 960 541 honor
989 500 1111 552 Regis
1141 499 1303 552 regnive
1334 499 1490 540 utilitas
1521 499 1586 540 sit.
1634 500 1728 540 Non
1757 502 1820 541 est
1847 501 2002 554 utique.

581 557 917 607 Quamobrem
969 556 1239 609 accingere
1283 555 1461 607 gladio
1505 556 1593 596 tuo
1638 568 1794 610 super
1834 555 2004 598 femur

469 615 625 661 tuum,
670 612 1061 666 potentissime,
1107 613 1157 652 et
1198 610 1457 652 restituat
1495 611 1597 652 sibi
1643 611 1835 653 Caesar
1877 624 2002 666 quae

469 668 704 710 Caesaris
745 671 887 717 sunt,
923 671 972 708 et
1008 680 1134 720 quae
1173 669 1293 708 sunt
1329 666 1421 707 Dei
1450 666 1565 708 Deo.
1622 667 1890 721 Utrumque
1927 668 2002 709 in-

468 728 545 765 ter
567 737 675 765 esse
706 724 944 765 Caesaris
976 725 1204 772 constat,
1235 725 1283 763 et
1311 723 1571 776 propriam
1601 723 1737 764 tueri
1767 736 2003 765 coronam

469 784 517 821 et
545 780 829 821 Ecclesiam
872 779 1152 821 defensare.
1209 779 1446 819 Alterum
1473 778 1604 831 regi,
1642 779 1859 820 alterum
1888 792 2004 821 con-

470 837 609 877 venit
643 836 915 876 Ecclesiae
954 836 1211 876 advocato.
1268 834 1468 883 Victoria,
1499 834 1606 875 sicut
1634 835 1678 875 in
1705 835 1880 876 Domino
1910 847 2004 878 con-

471 892 641 941 fidimus,
662 904 758 944 prae
779 892 966 932 manibus
987 895 1058 932 est.
1086 891 1282 944 Superbia
1302 892 1343 930 et
1364 890 1595 942 arrogantia
1612 891 1891 932 Romanorum
1909 892 2003 945 plus

449 942 592 1000 ‘quam
608 948 802 988 fortitudo
825 960 975 988 eorum.
1003 947 1110 998 Quid
1130 948 1268 988 enim?
1295 946 1504 999 Numquid
1525 946 1727 1000 quispiam
1746 959 1919 1001 magnus
1939 948 2005 991 vel

468 1008 624 1057 potens,
654 1004 764 1045 verbi
787 1004 917 1056 gratia
946 1004 1164 1056 imperator
1194 1006 1265 1043 aut
1294 1015 1383 1052 reX,
1413 1002 1574 1042 foedam
1591 1015 1678 1044 rem
1705 1003 1827 1044 istam
1854 1003 1899 1045 in
1926 1005 2003 1045 im-

470 1059 629 1113 perium
648 1060 799 1113 pariter
819 1059 1167 1112 sacerdotiumque
1198 1059 1451 1113 praesumit?
1493 1058 1572 1099 Sed
1601 1060 1774 1112 populus
1794 1059 1861 1100 hic
1878 1061 2004 1101 male-

469 1117 600 1157 dictus
640 1119 680 1156 et
720 1116 1000 1156 tumultuosus
1014 1116 1074 1168 *),
1111 1116 1178 1168 qui
1219 1127 1313 1156 suas
1353 1115 1483 1155 nescit
1511 1115 1645 1156 metiri
1675 1115 1798 1165 vires,
1828 1117 2005 1169 cogitare

468 1172 600 1221 finem,
630 1171 881 1213 considerare
902 1173 1157 1225 proventum,
1187 1171 1233 1223 in
1260 1170 1493 1224 insipientia
1522 1182 1597 1211 sua
1626 1173 1667 1211 et
1695 1172 1738 1212 in
1766 1171 1901 1213 furore
1930 1185 2004 1213 suo

470 1240 593 1268 ausus
633 1231 694 1268 est
728 1228 806 1268 hoc
848 1227 998 1280 grande
1036 1227 1291 1280 sacrilegium
1331 1229 1541 1268 attentare.
1601 1227 1729 1277 Absit,
1766 1236 1814 1268 ut
1850 1229 1915 1270 vel
1954 1228 2003 1269 ad

466 1287 718 1324 momentum
739 1285 847 1324 stare
867 1285 997 1336 possit
1027 1287 1119 1324 ante
1150 1283 1294 1324 faciem
1313 1282 1437 1335 Regis
1466 1283 1674 1336 popularis
1702 1295 1860 1334 manus,
1889 1284 2000 1337 vulgi

466 1340 687 1381 temeritas.
744 1339 892 1380 Factus
924 1352 1014 1379 sum
1044 1339 1248 1393 insipiens,
1278 1339 1358 1392 qui,
1387 1351 1480 1379 cum
1511 1339 1588 1379 sim
1617 1339 1708 1381 vilis
1738 1340 2004 1394 ignobilisque

468 1408 660 1450 persona,
691 1399 898 1448 tamquam
940 1395 1082 1448 aliquis
1119 1407 1291 1448 magnus
1331 1394 1508 1436 consiliis
1546 1398 1683 1436 tantae
1712 1395 2006 1450 magnitudinis

468 1455 685 1504 tantaeque
726 1452 947 1505 sapientiae
988 1464 1053 1492 me
1084 1452 1233 1503 ingessi
1265 1454 1304 1492 et
1334 1451 1382 1491 de
1412 1463 1454 1491 re
1483 1463 1643 1503 magna.
1700 1453 1756 1493 At
1784 1465 1862 1505 quo
1891 1452 2005 1505 igno-

469 1508 587 1548 bilior
627 1511 746 1560 atque
786 1507 993 1556 abiectior,
1042 1511 1156 1548 tanto
1196 1507 1357 1548 liberior
1395 1519 1486 1547 sum
1526 1507 1576 1547 ad
1614 1507 1861 1561 loquendum
1897 1508 2005 1562 quod

471 1565 646 1604 charitas
668 1563 859 1616 suggerit.
908 1563 1026 1605 Unde
1049 1567 1089 1604 et
1109 1564 1241 1605 adhuc
1262 1562 1364 1604 addo
1386 1563 1428 1603 in
1459 1563 1599 1604 eadem
1629 1563 1861 1618 insipientia
1888 1577 2004 1606 mea:

472 1620 514 1661 Si
544 1620 633 1673 quis
655 1619 776 1668 aliud,
807 1631 929 1672 quam
958 1620 1119 1660 locutus
1148 1632 1239 1661 sum
1268 1618 1380 1660 vobis
1411 1643 1464 1647 —
1484 1619 1591 1672 quod
1619 1632 1702 1661 non
1731 1619 1931 1662 credimus
1952 1645 2005 1650 ———

471 1676 639 1716 suadere
669 1675 900 1724 conabitur,
929 1675 964 1716 is
992 1675 1171 1729 profecto
1203 1679 1274 1716 aut
1301 1687 1385 1715 non
1414 1674 1548 1727 diligit
1575 1675 1731 1728 Regem
1761 1679 1832 1717 aut
1860 1689 2005 1730 parum

469 1731 670 1784 intelligit,
701 1731 799 1783 quid
828 1732 982 1783 regiam
1003 1732 1143 1772 deceat
1161 1732 1441 1778 maiestatem;
1473 1733 1544 1771 aut
1564 1733 1671 1772 certe
1692 1743 1796 1784 quae
1817 1745 1891 1774 sua
1911 1737 2006 1774 sunt

471 1787 639 1840 quaerit,
661 1790 701 1828 et
719 1799 802 1827 non
818 1787 934 1828 valde
956 1800 1059 1843 quae
1075 1789 1138 1829 vel
1154 1788 1229 1828 Dei
1250 1787 1313 1828 vel
1329 1787 1454 1839 Regis
1476 1789 1572 1827 sunt
1592 1799 1732 1829 curare
1747 1789 2006 1831 convincitur.

470 1963 560 2018 xvi,
594 1964 741 2020 Aufruf
770 1965 894 2033 Papst
927 1965 1086 2032 lingens
1112 1963 1175 2019 ΙΙΙ.
1210 1979 1300 2019 zum
1334 1963 1586 2031 Krcuzzugc,
1621 1964 1654 2019 l.
1690 1964 1786 2020 θοι.
1821 1964 2005 2026 1145.**>

677 2048 775 2092 (Otto
799 2049 886 2084 Fris.
913 2049 1019 2083 Gesta
1043 2049 1070 2091 Ι,
1096 2059 1123 2083 c.
1150 2052 1211 2091 363
1236 2047 1337 2091 Jaffe,
1360 2048 1444 2092 Βίης.
1470 2049 1568 2083 Pont.
1595 2060 1646 2084 nr.
1672 2051 1789 2094 6177.)

584 2123 791 2175 Eugenius
814 2124 1035 2178 episcopus,
1057 2135 1196 2165 servus
1218 2135 1425 2164 servorum
1445 2123 1530 2172 Dei,
1553 2123 1764 2165 karissimo
1784 2125 1827 2165 in
1847 2123 2007 2166 Christo

474 2179 555 2219 filio
576 2179 785 2220 Lodewico
814 2181 964 2221 illustri
1001 2181 1041 2220 et
1071 2181 1244 2232 glorioso
1266 2179 1517 2220 Francorum
1546 2180 1631 2232 regi
1662 2183 1702 2220 et
1732 2180 1886 2221 dilectis
1916 2180 2009 2221 filiis

472 2235 720 2289 principibus
743 2239 783 2276 et
802 2236 1001 2278 universis
1021 2236 1097 2277 Dei
1127 2236 1312 2278 fidelibus
1341 2247 1413 2289 per
1434 2235 1609 2276 Galliam
1639 2237 1874 2278 constitutis
1884 2242 1912 2270 ⁸)
1946 2247 2011 2277 sa-

589 2350 622 2391 a)
649 2347 713 2381 Die
738 2348 988 2392 Ausfertigung
1010 2358 1061 2382 nr.
1079 2350 1099 2381 2
1123 2347 1281 2392 (Boczek,
1308 2347 1388 2382 Cod.
1406 2347 1579 2382 Moraviae
1595 2347 1623 2390 I,
1648 2349 1730 2390 241)
1754 2347 1818 2382 hat
1833 2348 1888 2382 die
1903 2341 2009 2382 Uber-
2068 2362 2074 2371 ¹

473 2394 613 2428 schrift:
639 2394 829 2436 „universis
846 2394 910 2428 Dei
925 2393 1084 2428 fidelibus
1109 2405 1169 2438 per
1186 2393 1334 2428 Galliam
1361 2393 1593 2428 constitutis.“
1630 2393 1736 2428 Beide
1751 2387 2008 2428 Uberschrifben

475 2440 551 2473 sind
577 2440 856 2483 kanzleimassig;
884 2451 924 2474 zu
950 2440 1009 2474 der
1034 2451 1098 2473 von
1122 2451 1172 2474 nr.
1194 2443 1209 2473 1
1238 2440 1304 2483 vgl.
1319 2438 1419 2482 Jaffc,
1444 2439 1529 2483 Reg.
1556 2440 1654 2474 Pont.
1679 2451 1731 2474 nr.
1757 2442 1859 2483 6248,
1885 2451 1926 2474 zu
1950 2439 2011 2474 der

474 2497 537 2519 von
562 2497 612 2520 nr.
638 2489 658 2520 2
682 2485 771 2520 Jaffe
795 2497 846 2520 nr.
873 2488 973 2521 6323.

484 2578 507 2611 l·
553 2532 622 2612 R*)
646 2532 724 2576 Vgl.
749 2532 815 2566 mit
839 2532 950 2567 dieser
973 2531 1192 2575 Auslassung
1217 2531 1271 2566 die
1296 2531 1523 2566 eiuleitenden
1541 2532 1659 2566 Worte
1683 2532 1731 2567 im
1756 2532 1940 2567 Sohreiben
1965 2543 2008 2566 an

475 2589 529 2612 (ie
585 2589 686 2613 omer.

596 2625 648 2666 **)
672 2618 766 2658 Uber
783 2624 847 2658 den
873 2624 1013 2658 zweiten
1029 2624 1208 2667 Kreuzzug
1232 2623 1474 2669 vgl.„Wilken,
1501 2623 1623 2659 Gesch.
1651 2625 1711 2658 der
1734 2623 1932 2668 Kreuzziige
1955 2624 2009 2666 Π;

474 2670 581 2712 Weil,
617 2669 738 2704 Gesch.
765 2670 826 2704 der
850 2670 1006 2716 Chalifen
1030 2670 1101 2713 ΙΙΙ;
1137 2670 1260 2714 Sybel,
1291 2670 1383 2703 Uber
1409 2670 1473 2703 don
1500 2671 1639 2706 zweiten
1663 2670 1859 2714 Kreuzzug,
1890 2669 2011 2705 Kleine

474 2716 645 2750 Schriften
669 2716 698 2759 I,
723 2719 788 2750 411
816 2717 850 2750 ff.
899 2717 992 2750 Uber
1016 2728 1119 2751 unser
1142 2716 1325 2750 Schreiben
1350 2716 1417 2758 vgl.
1445 2716 1584 2759 Kugler,
1610 2716 1755 2750 Studien
1781 2727 1808 2751 z.
1827 2715 1950 2751 Gesch.
1977 2716 2009 2750 d.

475 2763 613 2796 zweiten
638 2762 834 2805 Kreuzzugs
859 2762 892 2796 S.
922 2766 935 2796 1
964 2763 1016 2805 ff.;
1042 2763 1234 2797 Aualekten
1259 2762 1292 2796 S.
1319 2765 1361 2796 24
1387 2762 1442 2802 ff.;
1469 2761 1692 2797 Giesebreeht
1714 2762 1774 2805 IV,
1800 2765 1866 2797 247
1890 2762 2009 2804 Anm.;

474 2809 666 2842 Bernhardi
694 2820 723 2842 a.
750 2819 780 2842 a.
805 2808 845 2843 O.
871 2808 905 2843 S.
933 2811 999 2842 516
1023 2809 1046 2844 f.
1061 2837 1069 2851 ,
1097 2812 1162 2843 519
1187 2808 1301 2851 (Anm.
1327 2810 1404 2850 38);
1430 2807 1622 2851 Neumann,
1646 2808 1827 2843 Bernhard
1850 2820 1880 2843 v.
1906 2808 2012 2843 Clair-

475 2866 562 2888 vaux
586 2866 619 2890 u.
646 2854 701 2889 die
724 2854 881 2899 Anfange
906 2855 938 2889 d.
957 2855 1097 2890 zweiten
1121 2855 1277 2897 Kreuzz.;
1313 2853 1459 2898 Kugler,
1484 2854 1580 2888 Neue
1603 2854 1796 2890 Analekten
1819 2853 2011 2899 (Tubinger
