2098 3432
407 303 489 343 126

404 414 445 454 et
479 414 584 454 bona
619 414 922 455 comittentium
958 414 1110 455 crimen
1147 414 1391 465 maiestatis,
1436 417 1476 457 et
1513 416 1727 458 dimidium
1762 418 1945 460 thesauri

402 468 554 509 inventi
583 469 625 509 in
655 470 740 511 loco
771 469 948 519 Cesaris,
978 483 1058 511 non
1089 470 1185 511 data
1214 483 1354 524 opera,
1382 472 1445 512 vel
1474 472 1517 512 in
1546 473 1631 514 loco
1661 474 1871 526 religioso;
1910 475 1945 516 si

404 525 500 565 data
530 537 660 578 opera,
691 527 825 566 totum
857 525 907 566 ad
937 539 1031 566 eum
1059 526 1290 579 pertinet.†)

907 635 951 683 b)
983 634 1437 690 Landfriedensqesetz.

441 706 620 750 (Ragewin
646 706 754 757 Gesta
778 707 837 750 IV,
863 719 891 742 0.
922 710 963 742 10
991 707 1101 787 [1ἷ16116
1126 707 1384 799 {phullpgsggabe
1409 721 1438 744 v.
1465 709 1593 754 Waitz]
1619 721 1652 745 u.
1677 710 1769 746 Mon.
1795 710 1908 747 Germ.

1031 765 1106 797 egg.
1171 781 1178 796 ‚
1311 782 1318 790 .

513 827 740 868 Fridericus
751 827 827 868 Dei
845 828 975 880 gratia
987 829 1264 870 Romanorum
1277 829 1496 883 imperator
1513 831 1554 871 et
1570 843 1729 884 semper
1745 833 1944 884 augustus

404 883 600 924 universis
639 896 711 924 suo
743 884 934 925 subiectis
963 885 1144 937 imperio.
1202 885 1290 926 Hac
1321 885 1482 926 edictali
1511 886 1599 938 lege
1629 887 1671 927 in
1699 889 1944 940 perpetuum

399 939 572 980 valitura
592 939 790 989 iubemus,
821 943 868 980 ut
889 953 1029 981 omnes
1049 942 1187 981 nostro
1209 941 1378 982 subiecti
1398 941 1565 994 imperio
1595 954 1732 984 veram
1763 945 1804 984 et
1831 956 1946 997 per-

399 996 612 1048 petuam
642 1008 783 1048 pacem
812 996 918 1036 inter
947 1009 989 1036 se
1019 997 1242 1046 observent,
1273 999 1313 1038 et
1342 999 1389 1038 ut
1417 997 1657 1039 inviolatum
1675 998 1784 1040 inter
1802 1012 1942 1042 omnes

401 1053 594 1104 perpetuo
626 1053 818 1092 servetur.
876 1052 1031 1102 Duces,
1060 1053 1324 1102 marchiones,
1355 1053 1534 1102 comites,
1564 1054 1774 1108 capitanei,
1801 1067 1944 1097 vavas-

400 1119 529 1148 sores.
551 1109 592 1148 et
621 1107 803 1148 omnium
831 1108 1012 1149 locorum
1040 1110 1216 1149 rectores
1248 1121 1341 1150 cum
1373 1109 1557 1164 omnium
1585 1110 1767 1151 locorum
1793 1111 1944 1164 prima-

398 1163 508 1203 tibus
549 1166 590 1203 et
628 1163 779 1216 plebeis
811 1176 835 1204 a
864 1163 1018 1204 decimo
1049 1166 1187 1205 octavo
1218 1175 1322 1206 anno
1352 1178 1483 1218 usque
1515 1166 1565 1206 ad
1596 1167 1943 1220 septuagesimum

400 1219 659 1260 iureiurando
690 1219 1014 1271 obstringantur,
1043 1222 1091 1260 ut
1119 1233 1261 1273 pacem
1290 1223 1459 1262 teneant
1489 1223 1530 1262 et
1559 1223 1734 1264 rectores
1763 1223 1943 1264 locorum

352 1278 356 1282 '
402 1275 594 1315 adiuvent
622 1275 663 1315 in
692 1287 790 1328 pace
824 1275 974 1316 tuenda
1004 1277 1127 1328 atque
1155 1276 1406 1326 vindicanda,
1445 1279 1495 1317 et
1531 1277 1582 1318 in
1621 1277 1734 1319 fine
1771 1279 1944 1325 unius-

398 1331 655 1383 cuiusque
701 1331 1049 1383 quinquennii
1097 1332 1324 1373 omnium
1370 1335 1703 1374 sacramenta
1745 1334 1803 1376 de
1836 1347 1944 1388 pre-

400 1387 541 1427 dicta
570 1399 691 1440 pace
722 1387 947 1428 tenenda
974 1389 1302 1429 renoventur.

514 1444 548 1482 1.
579 1442 620 1482 Si
637 1442 727 1494 quis
743 1455 837 1484 vero
854 1443 1019 1495 aliquod
1034 1443 1098 1484 ius
1115 1444 1163 1484 de
1186 1457 1442 1497 quacumque
1464 1457 1587 1486 causa
1601 1446 1665 1486 vel
1681 1445 1787 1487 facto
1803 1447 1943 1487 contra

403 1499 582 1550 aliquem
612 1511 654 1539 se
685 1499 832 1539 habere
862 1499 1087 1552 putaverit,
1117 1499 1347 1541 iudicialem
1377 1501 1496 1542 adeat
1525 1503 1772 1554 potestatem
1802 1503 1843 1543 et
1870 1514 1943 1556 per

402 1567 492 1595 eam
523 1554 598 1595 sibi
629 1558 860 1607 competens
890 1555 953 1596 ius
985 1555 1246 1607 assequatur.

512 1612 549 1650 2.
582 1610 625 1651 Si
655 1611 745 1662 quis
774 1623 867 1652 vero
898 1611 1111 1652 temerario
1142 1623 1245 1652 ausu
1275 1612 1500 1666 predictam
1519 1625 1661 1666 pacem
1680 1613 1830 1654 violare
1849 1626 1940 1667 pre·-

399 1666 630 1720 sumpserit‚
662 1666 695 1707 si
716 1666 857 1707 c1vitas
885 1668 957 1716 est,
986 1679 1091 1720 pona
1113 1668 1193 1708 100
1223 1668 1418 1709 librarum
1449 1668 1536 1709 auri
1565 1681 1747 1710 camerae
1776 1671 1939 1710 nostrae

400 1722 607 1763 inferenda
626 1735 708 1775 pun
728 1724 829 1763 atur.
866 1722 1071 1776 Oppidum
1091 1736 1184 1764 vero
1206 1724 1261 1765 20
1270 1726 1295 1756 ξι)
1317 1724 1429 1765 libris
1451 1724 1538 1765 auri
1557 1725 1767 1766 multetur.
1805 1725 1940 1767 Duces

401 1780 538 1819 autem
571 1780 611 1818 et
632 1778 883 1819 marchiones
906 1781 946 1819 et
967 1779 1134 1820 comites
1157 1779 1211 1820 50
1233 1781 1320 1820 auri
1339 1780 1464 1822 libras
1485 1782 1678 1833 prestent.
1730 1781 1940 1834 Capitanei

396 1847 489 1876 vero
512 1836 552 1875 et
572 1834 744 1875 maiores
765 1847 1002 1876 vavassores
1023 1835 1078 1876 20
1097 1835 1210 1876 libris
1233 1837 1320 1876 auri
1340 1836 1573 1889 puniantur.
1603 1837 1780 1882 Minores
1801 1839 1940 1878 autem

396 1903 630 1932 vavassores
662 1893 702 1930 et
732 1903 871 1931 omnes
902 1891 970 1931 alii
998 1891 1202 1944 predictae
1230 1893 1341 1945 pacis
1362 1893 1576 1934 violatores
1606 1893 1669 1933 6b)
1699 1892 1822 1934 libras
1853 1893 1940 1934 auri

396 1946 541 1987 inferre
563 1947 858 1999 compellantur
878 1948 919 1987 et
934 1947 1158 2000 dampnum
1173 1948 1283 2000 pacis
1296 1950 1319 1981 ο)
1337 1948 1562 1989 secundum
1577 1949 1688 2000 leges
1704 1949 1938 1990 resarciant.

509 2003 545 2042 3.
574 2002 729 2042 Iniuria
746 2015 818 2043 seu
833 2002 991 2043 furtum
1005 2003 1204 2055 legittime
1222 2004 1426 2056 puniatur.
1447 2004 1721 2045 Homicidium
1732 2005 1773 2045 et
1782 2005 1938 2046 memb-

400 2071 535 2099 rorum
565 2058 778 2099 diminutio
797 2059 862 2100 vel
892 2059 1002 2100 aliud
1032 2059 1238 2111 quodlibet
1267 2060 1459 2101 delictum
1487 2060 1673 2113 legaliter
1701 2059 1939 2102 vindicetur.

513 2187 546 2231 †)
571 2187 739 2221 Wiewohl
778 2188 844 2221 alle
875 2188 1068 2232 diejenigen
1106 2189 1154 2222 im
1187 2188 1382 2232 bisherigen
1408 2189 1543 2223 Besitze
1577 2189 1637 2223 der
1665 2189 1832 2234 Regalien
1867 2200 1941 2224 ver-

396 2234 541 2274 blieben‚
576 2233 702 2267 welche
734 2234 807 2267 eine
838 2234 1110 2278 diesbeziigliche
1135 2235 1328 2278 konigliche
1359 2235 1565 2278 Schenkung
1591 2235 1752 2269 erweisen
1776 2235 1938 2279 komfen,

397 2280 500 2314 belief
522 2279 596 2313 sich
618 2279 705 2313 doch
729 2280 818 2313 nach
834 2280 998 2323 Ragewin
1012 2280 1071 2322 1V,
1097 2291 1124 2315 c.
1150 2283 1171 2314 8
1197 2280 1257 2314 der
1278 2280 1448 2324 jahrliche
1473 2281 1636 2315 Zuwachs
1661 2292 1705 2315 an
1728 2281 1938 2316 Einkfinftcn

396 2326 451 2359 fiir
475 2325 540 2359 den
564 2325 690 2359 Fiskus
716 2326 776 2359 auf
797 2328 923 2367 30‚000
948 2326 1100 2361 Talente.
1149 2326 1214 2359 Die
1238 2326 1404 2370 Regalien
1428 2337 1540 2360 waren
1566 2328 1651 2361 eben
1675 2327 1722 2361 im
1746 2327 1852 2362 Lause
1877 2327 1938 2362 der

398 2372 473 2406 Zeit
498 2383 561 2405 von
587 2372 651 2405 den
669 2371 862 2414 Bischofen,
888 2372 1014 2406 welche
1040 2372 1095 2406 die
1110 2372 1242 2415 Konige
1268 2372 1379 2406 damit
1397 2373 1586 2406 beschenkt
1608 2373 1742 2416 hatten,
1766 2373 1870 2408 meist
1892 2383 1936 2407 an

397 2419 451 2452 die
476 2417 689 2451 Kommunen
723 2418 933 2461 gekommen.
984 2418 1078 2460 „Das
1103 2418 1271 2461 Ergebnis
1306 2418 1416 2452 dieser
1450 2430 1558 2452 neuen
1582 2419 1710 2453 Politik
1735 2419 1850 2454 stellte
1875 2419 1938 2454 das

397 2463 581 2498 staufische
605 2463 794 2507 Konigtum
820 2464 917 2498 nicht
941 2464 1044 2498 allein
1069 2464 1146 2498 dem
1171 2464 1359 2498 deutschen
1383 2464 1530 2498 Fiirsten
1543 2492 1550 2506 ,
1585 2465 1731 2499 sondern
1759 2465 1847 2500 auch
1871 2465 1937 2499 den

395 2510 650 2544 benachbarten
674 2509 831 2553 Konigen
863 2510 1057 2553 gegeniiber
1091 2510 1152 2544 auf
1182 2510 1256 2543 eine
1279 2509 1469 2545 finanzielle
1494 2511 1595 2544 Basis
1619 2522 1683 2545 von
1707 2511 1940 2546 unerreichter

395 2555 665 2600 Ergiebigkeit.“
716 2555 876 2598 (Nitzsch
901 2567 931 2590 a.
957 2567 987 2590 a.
1014 2555 1068 2600 O.)
1117 2556 1200 2589 Was
1235 2556 1289 2589 die
1320 2558 1478 2600 spateren
1504 2556 1613 2590 Salier
1635 2557 1673 2590 in
1698 2557 1936 2592 Deutschland

400 2601 594 2646 vergeblich
619 2602 819 2645 angestrebt
843 2602 976 2644 hatten,
1002 2602 1119 2635 schien
1144 2601 1204 2635 der
1220 2601 1356 2635 Staufer
1380 2602 1415 2636 in
1435 2603 1560 2636 Italien
1575 2603 1720 2637 erreicht
1746 2614 1788 2637 zu
1810 2603 1934 2638 haben.

513 2649 546 2689 a)
571 2647 641 2681 Der
666 2647 761 2682 Gott.
779 2647 860 2682 Cod.
895 2647 954 2681 der
986 2647 1059 2682 Lib.
1085 2647 1207 2682 Feud.:
1243 2647 1359 2689 XXX3
1408 2649 1444 2690 b)
1469 2649 1543 2683 Lib.
1569 2648 1672 2684 Feud.
1699 2660 1732 2684 u.
1756 2649 1877 2684 Pertz:
1901 2652 1934 2684 3.

395 2694 427 2728 N
431 2694 494 2728 ach
519 2693 595 2727 dem
612 2693 812 2727 Verbaltnis
837 2693 897 2727 des
921 2693 1080 2728 niederen
1105 2693 1265 2727 Richters
1289 2705 1365 2727 zum
1390 2694 1539 2728 hoheren
1565 2694 1614 2728 ist
1639 2694 1693 2728 die
1716 2695 1858 2729 Leseart
1881 2695 1936 2729 bei

396 2740 509 2774 Waitz
535 2739 770 2781 vorzuziehen3
809 2739 839 2783 c)
864 2739 938 2773 Lib.
964 2739 1068 2775 Feud.
1096 2751 1128 2773 u.
1155 2739 1273 2773 Pertz:
1306 2750 1418 2784 passo.

511 2786 542 2830 *)
568 2785 668 2819 Pertz
691 2785 770 2829 gibt
794 2785 904 2819 dieses
928 2786 991 2819 wie
1017 2785 1078 2820 das
1104 2785 1262 2828 folgende
1282 2784 1404 2819 Gesetz
1429 2786 1518 2820 nach
1543 2786 1708 2830 Ragewin
1733 2797 1764 2821 u.
1790 2786 1856 2821 den
1878 2786 1936 2821 bei

395 2833 428 2877 a)
455 2831 681 2876 angefiihrten
714 2831 1046 2866 handschriftlichen
1067 2825 1371 2875 Uberlieferungen
1406 2832 1475 2866 der·
1489 2832 1583 2866 Libri
1607 2831 1712 2868 Feud.
1761 2832 1824 2867 Ich
1846 2831 1937 2877 folge

394 2879 432 2912 in
455 2878 600 2912 meinem
624 2876 729 2912 Tex‘oe
753 2877 986 2912 vornehmlich
1009 2877 1135 2912 Waitz.
