2098 3432
473 316 555 356 256

467 440 492 479 p
506 428 668 467 artem
686 426 905 467 ducatus
921 437 942 466 c
955 437 1075 466 once
1088 426 1290 475 seimus,
1305 428 1647 478 prememoratum
1662 426 2001 480 archiepiscopum

467 483 715 536 Phylippum
744 481 925 535 portione
954 481 1026 522 illa
1055 481 1236 531 ducatus,
1275 494 1346 523 sue
1377 482 1522 523 collata
1551 482 1727 532 ecclesie,
1756 481 1897 523 vexillo
1925 483 2000 525 im-

470 539 612 591 periali
641 538 902 591 solempniter
930 537 1222 578 investivimus.

578 594 694 635 Hanc
732 594 857 646 igitur
895 593 1120 645 legitimam
1158 595 1295 634 nostre
1333 593 1557 634 maiestatis
1587 593 1844 635 donationem
1873 595 1914 636 et
1940 595 2001 637 in-

467 650 707 691 vestituram
728 649 956 691 Coloniensi
987 649 1150 690 ecclesie
1181 652 1222 690 et
1241 649 1440 703 sepedicto
1460 649 1629 702 principi
1647 650 1784 690 nostro
1804 649 1999 705 Phylippo

467 707 759 759 archiepiscopo
801 705 1068 757 omnibusque
1105 706 1190 746 suis
1232 705 1528 746 successoribus
1569 705 1852 747 confirmamus
1889 707 1930 748 et
1957 707 2000 749 in

468 775 586 803 omne
616 762 866 816 posteritatis
897 773 1036 802 eorum
1065 761 1121 802 eis
1155 762 1288 802 ratam
1323 773 1557 814 permanere
1595 761 1793 812 volentes,
1831 774 1882 803 ne
1911 762 2000 816 quis

468 831 558 859 eam
587 831 691 859 ausu
720 817 933 859 temerario
962 817 1180 869 infringere
1200 818 1263 859 vel
1285 817 1582 870 quomodolibet
1610 817 1757 858 violare
1787 819 2002 872 attempta-

467 874 581 924 verit,
612 874 812 928 imperiali
843 873 972 914 edicto
1002 873 1233 915 inhibemus
1263 876 1303 914 et
1331 874 1436 914 hanc
1463 875 1645 914 nostram
1665 873 2001 926 constitutionem,

464 933 651 984 presente
694 930 900 984 privilegio
942 942 1064 970 aurea
1100 930 1331 971 excellentie
1370 931 1506 971 nostre
1535 929 1647 970 bulla
1674 929 1879 982 insignito,
1917 943 2001 973 cor-

466 987 703 1028 roboramus
743 985 985 1035 auctentice,
1023 986 1196 1027 testibus
1239 985 1460 1034 annotatis,
1501 986 1571 1038 qui
1607 985 1703 1026 huic
1738 985 1842 1027 facto
1878 986 2001 1028 inter-

466 1043 645 1084 fuerunt.
707 1042 813 1083 Sunt
851 1043 989 1082 autem
1027 1041 1104 1082 hii:
1144 1041 1347 1083 Arnoldus
1385 1041 1631 1082 Trevirensis
1669 1041 2000 1096 archiepiscopus,

465 1099 704 1140 Wicmanus
741 1098 1102 1150 Magdeburgensis
1141 1098 1480 1151 archiepiscopus,
1525 1097 1762 1139 Cuonradus
1801 1097 2001 1140 salisbur-

466 1156 600 1207 gensis
657 1155 994 1208 archiepiscopus,
1048 1154 1220 1195 Sifridus
1263 1154 1495 1195 Bremensis
1541 1154 1712 1217 electus,
1765 1153 2000 1196 Cuonradus

466 1211 775 1252 Wormaticnsis
797 1211 1018 1264 episcopus,
1046 1210 1275 1251 Ruodulfus
1296 1209 1527 1251 Leodiensis
1549 1210 1769 1263 episcopus,
1797 1210 2002 1252 Bertram-

465 1281 557 1308 mus
580 1267 773 1308 Metensis
795 1267 1016 1320 episcopus,
1044 1266 1247 1308 Arnoldus
1275 1265 1598 1318 Osnaburgensis
1622 1265 1840 1319 episcopus,
1870 1266 2001 1308 011611-

466 1324 590 1364 radus
636 1324 759 1364 abbas
801 1323 1027 1371 Fuldensis,
1070 1322 1239 1364 Adolfus
1285 1323 1408 1363 abbas
1452 1321 1771 1371 Hersfeldensis,
1812 1322 2000 1364 Lotarius

466 1380 693 1433 prepositus
722 1379 964 1427 Bunnensis,
994 1354 1231 1419 L’udewious
1260 1378 1466 1432 palatinus
1497 1377 1667 1419 Saxonie
1701 1380 1742 1419 et
1770 1378 2000 1430 langravius

464 1436 682 1488 Thuringie
695 1435 751 1488 *),
790 1435 1053 1476 Bernhardus
1097 1435 1177 1475 dux
1214 1434 1422 1475 Westfalie
1462 1435 1503 1475 et
1530 1433 1727 1486 Angarie,
1767 1433 1999 1476 Gotefridus

466 1493 546 1532 dux
566 1492 838 1543 Lotharingie,
867 1491 1093 1532 Fridericus
1118 1491 1199 1531 dux
1221 1490 1376 1540 Suevie‚
1408 1490 1504 1532 Otto
1523 1490 1702 1531 marchio
1723 1489 1772 1531 de
1791 1490 2000 1532 Branden-

464 1549 574 1597 burc,
613 1547 853 1589 Teodericus
893 1547 1071 1588 marchio
1111 1547 1160 1588 (16
1190 1547 1326 1596 Lusiz,
1361 1546 1474 1588 Dedo
1516 1558 1649 1587 comes
1679 1545 1728 1587 de
1759 1546 1899 1596 Groix,
1938 1547 2000 1589 Si-

464 1605 591 1645 fridus
613 1617 746 1646 comes
777 1603 825 1644 (16
848 1603 1106 1652 Orlamunde,
1136 1603 1343 1643 Rubertus
1367 1615 1501 1644 comes
1532 1602 1580 1643 de
1601 1602 1803 1652 Nassawe‚
1831 1602 1998 1645 Emicho

467 1673 600 1702 comes
645 1661 693 1700 de
731 1660 940 1712 Liningen,
983 1659 1253 1711 Engelbertus
1297 1671 1430 1700 comes
1475 1658 1523 1699 de
1558 1658 1717 1708 Monte,
1760 1658 1999 1701 Teodericus

466 1729 598 1758 comes
630 1716 678 1757 de
698 1715 890 1764 Hostade,
921 1715 1125 1757 Gerardus
1156 1727 1288 1756 comes
1319 1715 1367 1756 de
1390 1715 1608 1763 Nuorberc,
1637 1714 1836 1756 Henricus
1866 1727 1999 1758 comes

466 1774 515 1814 de
541 1773 757 1825 Arnsberg,
786 1772 1046 1812 Hermannus
1076 1784 1207 1812 comes
1238 1771 1286 1812 (16
1316 1771 1533 1823 Hafsburg,
1561 1770 1760 1811 Henricus
1790 1782 1923 1813 comes
1952 1772 2000 1814 de

466 1831 567 1877 Kuc,
587 1829 806 1870 Wernerus
837 1840 970 1869 comes
991 1827 1039 1868 de
1054 1827 1385 1876 Wittichinstein‚
1414 1826 1698 1867 Widdikindus
1719 1826 1768 1868 de
1781 1826 1999 1878 Waltecke,

465 1885 692 1926 Fridericus
723 1885 771 1925 de
802 1884 1000 1933 Anfurde,
1029 1884 1310 1924 Hartmannus
1341 1883 1389 1924 de
1419 1883 1660 1935 Buotingin,
1701 1882 1921 1925 Wernerus
1950 1883 1999 1925 de

465 1941 695 1990 Bonlande,
731 1940 940 1982 Conradus
969 1940 1178 1993 pincerna,
1217 1939 1431 1980 Heinricus
1461 1939 1706 1980 marscalcus
1745 1938 1794 1980 (16
1823 1939 2000 1994 Bappin-

465 1999 583 2046 heim,
615 1997 761 2038 Sibodo
792 1997 840 2037 de
871 1996 993 2038 Groix
1022 1995 1277 2044 camerarius,
1308 1997 1348 2036 et
1378 1995 1444 2036 alii
1474 2007 1596 2048 quam
1624 1995 1773 2048 plures.

579 2053 749 2106 Signum
804 2053 940 2094 domni
993 2052 1183 2093 Friderici
1235 2053 1512 2093 Romanorum
1566 2051 1820 2105 imperatoris
1875 2052 2000 2094 invic-

468 2110 628 2151 tissimi.

577 2167 661 2218 Ego
708 2165 939 2207 Gotefridus
984 2164 1203 2218 imperialis
1249 2165 1339 2205 aule
1384 2164 1647 2205 cancellarius
1685 2163 1770 2205 vice
1810 2162 1998 2204 Cristiani

463 2222 702 2275 Magantine
747 2221 852 2262 sedis
891 2221 1188 2274 archieposcopi
1233 2223 1273 2261 et
1311 2219 1526 2262 Germanic
1564 2219 1901 2261 archicancellarii
1937 2231 1999 2260 re-

465 2292 509 2320 co
569 2278 642 2319 ovi.

513 2292 678 2375 gnActa
719 2337 814 2374 sunt
851 2333 926 2373 hec
960 2345 1064 2374 anno
1104 2331 1300 2374 dominice
1340 2332 1628 2373 incarnationis
1658 2331 1834 2381 mchXX,
1870 2330 1998 2372 indic·-

464 2391 572 2432 tione
616 2389 736 2438 XIII,
789 2391 985 2453 regnante
1029 2389 1230 2430 Friderico
1273 2389 1549 2429 Romanorum
1593 2387 1834 2441 imperatore
1876 2387 2000 2428 invic-

464 2447 640 2495 tissimo,
681 2458 784 2487 anno
820 2445 935 2498 regni
978 2445 1063 2486 eius
1102 2445 1257 2494 XXIX,
1296 2444 1454 2498 imperii
1493 2457 1586 2485 vero
1624 2443 1782 2493 XXVI,
1819 2443 1998 2484 feliciter.

465 2506 608 2544 Amen.

576 2559 731 2599 Datum
766 2557 808 2598 in
844 2557 1042 2611 solempni
1072 2557 1182 2598 curia
1213 2557 1483 2607 Gelenhusin‚
1520 2557 1561 2598 in
1600 2555 1798 2598 territorio
1827 2555 1999 2608 Magan-

463 2615 558 2664 tino,
588 2615 728 2655 Idibus
757 2613 918 2667 Aprilis.

579 2671 626 2703 Zu
645 2669 676 2704 A
701 2669 778 2703 sind
802 2669 958 2713 folgende
976 2669 1104 2702 Stellen
1129 2679 1190 2702 aus
1209 2668 1273 2702 den
1291 2668 1478 2714 Scriptores
1496 2679 1555 2702 zur
1569 2667 1822 2712 Vergleichung
1837 2667 1999 2702 heranzu-

464 2717 599 2751 ziehen:
619 2716 769 2750 Annales
785 2715 1008 2758 Pegavienses
1022 2715 1083 2758 (M.
1102 2714 1142 2748 G.
1160 2714 1217 2749 SS.
1235 2714 1327 2757 XVI,
1343 2718 1408 2749 262
1426 2715 1462 2760 f.)
1481 2714 1526 2748 ad
1543 2725 1668 2748 annum
1687 2717 1792 2749 1179:
1809 2713 1998 2759 Imperator

463 2763 591 2797 curiam
617 2763 651 2796 in
676 2761 785 2795 natali
811 2762 921 2795 sancti
939 2761 1101 2795 Iohannis
1117 2761 1297 2806 Baptistae
1322 2763 1391 2804 (24.
1410 2761 1432 2795 J
1435 2761 1506 2805 uni)
1524 2760 1589 2794 Ma
1601 2761 1803 2804 gdaburc
1815 2760 1839 2794 h
1863 2759 1996 2802 habuit,

558 2877 589 2918 *)
615 2876 755 2909 Warum
780 2875 843 2909 hat
867 2875 978 2909 dieser
1002 2874 1117 2908 seinen
1141 2874 1238 2908 Platz
1266 2886 1322 2908 vor
1346 2875 1411 2908 den
1436 2873 1634 2918 Herzogen?

2070 289 2098 391 ujus&
2067 100 2098 282 W*-

2086 461 2091 469 .
2072 421 2090 456 ’ἔτ-1
