2098 3432
1676 224 1730 265 69

158 339 200 380 et
223 350 385 392 semper
414 339 618 390 augustus
648 337 817 379 filialem
846 351 920 393 per
949 337 1090 380 omnia
1119 337 1377 379 dilectionem
1409 339 1450 379 et
1479 338 1659 380 debitam
1690 338 1731 379 in

157 395 332 438 Domino
362 394 646 436 reverentiam.

268 451 447 498 Patrem,
473 451 629 506 patriae
669 451 806 502 decet,
847 451 1079 494 veneranda
1107 451 1336 505 priscorum
1364 451 1556 494 instituta
1586 465 1733 506 regum

155 509 374 564 vigilanter
413 509 628 550 observare
667 510 708 551 et
745 509 870 551 sacris
909 522 1052 552 eorum
1087 508 1310 563 disciplinis
1341 509 1474 550 tenaci
1505 510 1640 552 studio
1671 510 1732 552 in-

157 567 312 616 herere,
343 568 392 608 ut
419 566 578 608 noverit
606 578 825 620 regnum
861 567 961 609 sibi
999 579 1022 608 a
1061 566 1164 608 Deo
1201 566 1455 607 collatum
1493 567 1653 621 legibus
1685 581 1733 609 ac

154 624 339 669 moribus
382 636 464 666 non
508 623 648 665 minus
695 624 893 666 adornare
941 637 1067 678 quam
1112 623 1236 665 armis
1283 625 1324 664 et
1364 624 1470 666 bello
1507 624 1730 667 defensare.

154 680 479 724 Sollemnem
522 681 708 734 itaque
753 681 974 736 imperii
1013 681 1235 723 Romani
1268 693 1464 722 morem
1506 695 1530 723 a
1569 683 1730 736 proavis

150 738 320 789 nostris,
360 737 676 793 imperatoribus
714 739 904 781 videlicet
942 741 984 780 et
1021 738 1204 792 regibus,
1241 737 1293 779 ad
1330 751 1406 780 nos
1436 739 1731 781 transmissum

153 808 174 839 s
183 808 206 839 e
214 808 241 850 q
253 809 283 838 u
291 808 313 838 e
322 797 412 838 nte
423 808 442 837 s
455 827 464 846 ‚
479 796 664 850 legatum
679 797 880 846 nostrum,
891 797 1027 838 virum
1039 795 1194 838 scilieet
1209 795 1434 837 discretum
1446 798 1487 838 et
1497 797 1730 847 honestum,

152 852 474 908 E(berhardum)
494 853 771 895 venerabilem
792 853 1179 907 Bavenbergensem
1202 852 1495 908 episcopum‚*)
1527 854 1730 896 adiunctis

71 946 74 947 γ
153 909 230 962 sibi
259 909 448 965 H(illino)
479 910 711 952 Trevirensi
741 911 868 953 eleeto
901 912 952 953 et·
970 910 1164 964 A(damo)
1196 911 1440 952 Everacensi
1471 911 1638 961 abbate,
1679 912 1730 953 ad

106 993 109 997 -
153 969 312 1011 vestrae
350 967 581 1010 sanctitatis
622 968 874 1022 presentiam
905 970 946 1010 et
977 968 1027 1010 ad
1058 968 1216 1010 Urbem
1246 967 1453 1009 destinare
1484 969 1731 1019 curavimus,

150 1026 208 1068 ut
234 1027 323 1067 tam
353 1037 402 1067 ex
429 1025 633 1080 presentis
654 1025 828 1080 paginae
849 1025 996 1067 indicio
1019 1038 1146 1079 quam
1168 1038 1216 1067 ex
1236 1025 1422 1079 ipsorum
1443 1025 1536 1068 viva
1557 1027 1727 1080 voce**)

150 1082 209 1125 de
249 1082 453 1125 nostriS
491 1083 835 1137 provectibus
876 1085 917 1125 et
955 1083 1082 1124 totius
1124 1082 1344 1125 aecclesiae
1387 1095 1434 1124 ac
1464 1083 1582 1136 regni
1614 1085 1729 1126 statu

87 1171 94 1195 ἦ
150 1140 409 1183 certiores
440 1153 550 1182 esse
580 1140 826 1194 possitis.

262 1197 431 1251 Itaque,
479 1197 643 1251 quando
687 1198 842 1252 placuit
879 1197 1050 1239 terribili
1091 1198 1133 1239 et
1172 1197 1208 1239 ei
1249 1197 1320 1251 qui
1361 1197 1496 1239 aufert
1535 1198 1727 1252 spiritum

148 1255 402 1310 principum,
441 1254 611 1296 terribili
650 1255 759 1309 apud
788 1268 907 1309 reges
937 1257 1091 1305 terrae,
1130 1255 1173 1296 in
1203 1255 1320 1296 cuius
1352 1268 1480 1297 manu
1513 1258 1611 1297 sunt
1642 1269 1728 1298 om-

147 1311 266 1355 nium
295 1313 520 1368 potestates
552 1314 594 1354 et
623 1313 808 1354 omnium
838 1313 930 1354 iura
959 1325 1205 1366 regnorum,
1236 1312 1366 1354 felicis
1401 1313 1624 1355 memoriae
1655 1327 1728 1368 pa-

146 1370 294 1412 truum
338 1382 385 1411 ac
428 1370 676 1412 nutritorem
722 1372 932 1420 nostrum,
988 1370 1214 1424 gloriosum
1258 1371 1543 1412 Romanorum
1587 1384 1729 1425 regem

149 1426 420 1482 menradum)
466 1427 515 1468 de
559 1428 741 1482 presenti
777 1428 863 1469 vita
902 1441 1090 1478 evocare,
1136 1428 1319 1470 universi
1358 1428 1562 1483 principes
1602 1430 1729 1482 regni,

148 1486 364 1539 tamquam
385 1484 520 1527 divino
543 1485 690 1539 spiritu
712 1485 910 1536 suscitati,
945 1487 996 1527 17
1019 1485 1083 1527 die
1105 1487 1198 1539 post
1219 1485 1518 1540 depositionem
1540 1486 1729 1541 eius***)

146 1541 191 1584 in
210 1541 408 1597 oppidum
428 1542 835 1584 Frankenevurt
864 1544 953 1584 tam
982 1555 1056 1598 per
1086 1556 1130 1584 se
1159 1543 1270 1598 ipsos
1303 1556 1430 1596 quam
1460 1557 1534 1598 per
1562 1557 1731 1598 respon-

153 1682 250 1725 Uber
274 1688 387 1724 dieses
403 1687 591 1722 Schreiben
616 1687 684 1732 vgl.
710 1687 926 1722 namentlieh
951 1688 1180 1732 Engelmann,
1206 1688 1278 1722 Der
1302 1688 1487 1734 Anspruch
1515 1689 1576 1723 der
1600 1689 1730 1734 Papste

156 1737 220 1772 auf
241 1735 497 1772 Konfirmation
534 1746 567 1770 u.
594 1734 834 1781 Approbation
865 1736 922 1770 bei
955 1735 1021 1770 den
1048 1735 1239 1770 deutschen
1265 1735 1535 1780 Konigswahlen
1563 1736 1596 1772 S.
1624 1739 1665 1770 21
1696 1737 1730 1771 ff.

155 1785 236 1830 vgl.
263 1783 353 1819 auch
385 1783 543 1818 Deussen
577 1793 609 1817 a.
636 1794 667 1817 a.
694 1781 734 1818 Ο.
785 1782 966 1818 Verfasser
999 1783 1060 1817 des
1085 1783 1340 1818 Schriftstiicks
1373 1783 1423 1818 ist
1447 1783 1601 1818 Wibald.
1652 1784 1730 1827 Vgl.

153 1843 205 1868 nr.
231 1833 312 1867 374.

271 1878 307 1923 *)
333 1870 429 1912 ‘Uber
452 1876 635 1911 Eberhard
660 1889 691 1911 v.
717 1877 893 1922 Bamberg
918 1878 986 1922 vgl.
1012 1878 1188 1922 Wagner,
1219 1878 1402 1912 Eberhard
1428 1878 1495 1921 IL,
1532 1878 1679 1913 Bischof
1701 1891 1731 1913 v.

155 1926 341 1970 Bamberg.
386 1925 438 1959 Er
471 1924 535 1959 wie
558 1924 702 1959 Wibald
732 1936 765 1959 u.
798 1923 932 1960 Arnold
956 1925 1004 1960 ΙΙ.
1036 1937 1067 1960 v.
1100 1925 1191 1960 Koln
1226 1925 1306 1959 sind
1340 1926 1395 1960 die
1426 1925 1605 1960 Vertreter
1638 1926 1733 1961 einer

154 1973 326 2010 zwisehen
358 1972 547 2018 Imperium
578 1983 611 2006 u.
638 1971 878 2007 Sacerdotium
913 1973 1181 2007 vermittelnden
1207 1973 1502 2017 Parteiriehtung.
1554 1973 1629 2007 Seit
1654 1973 1731 2008 dem

153 2021 263 2057 Jahre
291 2022 379 2056 1156
416 2019 497 2054 tritt
526 2019 730 2054 allmahlich
765 2030 809 2054 an
844 2020 920 2054 ihre
945 2019 1052 2054 Stelle
1087 2020 1139 2055 als
1163 2020 1335 2055 leitender
1360 2020 1589 2055 Staatsmann
1614 2021 1733 2055 Fried-

154 2068 248 2105 richs
263 2066 418 2102 Rainald
443 2078 472 2102 v.
492 2067 628 2101 Dassel.
673 2066 726 2111 **)
744 2066 883 2102 Johann
910 2079 940 2103 v.
959 2067 1142 2112 Salisbury
1159 2068 1315 2102 schreibt
1340 2070 1458 2113 spater
1483 2072 1554 2113 (ep.
1581 2079 1632 2103 nr.
1653 2069 1732 2112 59):

156 2115 248 2160 „Sed
280 2114 372 2158 scio,
404 2113 490 2160 quid
514 2113 725 2149 Teutonicus
750 2114 926 2150 moliatur.
976 2114 1082 2149 Eram
1107 2115 1199 2150 enim
1225 2115 1356 2150 Romae
1381 2115 1603 2161 praesidente
1628 2116 1730 2150 beato

154 2161 328 2218 Eugenio,
363 2161 523 2207 quando,
560 2161 700 2207 prima
737 2161 979 2206 legatione
1013 2162 1152 2197 missa
1183 2162 1220 2197 in
1252 2162 1352 2207 regni
1386 2163 1441 2197 sui
1475 2162 1597 2206 initio,
1637 2163 1731 2197 tanti

155 2221 232 2246 aum
255 2208 510 2256 impudentiam
535 2210 652 2243 tumor
675 2209 909 2244 intolerabilis
933 2211 970 2244 et
992 2209 1116 2254 lingua
1140 2210 1284 2244 incauta
1310 2210 1452 2245 detexit.
1495 2210 1731 2245 Promittebat

154 2257 266 2301 onim,
305 2267 347 2291 se
385 2256 533 2291 totius
571 2256 695 2291 orbis
730 2257 1093 2292 reformaturum
1127 2257 1366 2302 imperium
1405 2259 1451 2292 et
1487 2258 1589 2292 urbi
1628 2259 1730 2292 sub-

154 2304 384 2341 iciendum
421 2304 569 2338 orbem
606 2305 861 2350 eventuque
898 2305 1034 2339 facili
1073 2305 1216 2339 omnia
1254 2305 1579 2347 subiecturum,
1621 2305 1658 2339 si
1694 2305 1730 2340 ei

2 2359 14 2363 ’
145 2345 210 2387 'ad
256 2351 337 2386 hoc
385 2351 539 2386 solius
589 2351 786 2386 Romani
826 2352 1078 2397 pontificis
1119 2352 1243 2386 favor
1284 2352 1488 2387 adesset.
1553 2353 1594 2387 Id
1638 2353 1729 2387 enim

46 2399 47 2402 ’
62 2432 64 2436 ⁴
94 2407 95 2410 ’
155 2399 285 2446 agebat
295 2427 303 2442 ,
341 2401 383 2433 ut
413 2398 450 2433 in
483 2409 733 2444 quemcumque
765 2399 986 2434 denunciatis
1021 2399 1217 2434 inimicitiis
1242 2399 1459 2434 materialem
1484 2400 1643 2444 gladium
1669 2400 1730 2434 im-

86 2451 87 2455 ’
153 2448 304 2493 perator,
327 2445 366 2480 in
382 2445 530 2480 eundem
546 2445 724 2480 Romanus
737 2446 890 2492 pontifex
912 2446 1133 2492 spiritualem
1152 2447 1311 2491 gladium
1337 2449 1544 2482 exsereret.“
1588 2447 1642 2482 Ist
1667 2448 1687 2481 d
1693 2459 1731 2481 as

154 2493 232 2530 eine
252 2487 516 2538 Ubertreibung
549 2493 610 2538 des
634 2493 774 2528 Inhalts
807 2505 948 2529 unseres
982 2494 1188 2529 Schreibens
1219 2494 1303 2529 oder
1334 2494 1463 2529 beruht
1494 2494 1555 2529 der
1588 2495 1733 2529 Bericht

154 2541 218 2577 auf
239 2541 305 2577 den
330 2540 555 2575 miindlichen
579 2540 827 2586 Ausserungen
861 2541 922 2576 der
947 2541 1175 2577 Gesandten‘?
1226 2541 1304 2577 ***)
1330 2541 1409 2586 vgl.
1438 2542 1493 2576 die
1519 2542 1731 2586 Zeitangabe

154 2588 192 2624 in
216 2587 295 2623 dem
319 2587 641 2633 Begleitschreiben
673 2600 706 2624 u.
733 2589 771 2623 in
797 2589 875 2623 dem
901 2589 1027 2634 obigen
1052 2589 1216 2624 Berichte
1241 2588 1346 2624 Ottos
1373 2601 1400 2623 v.
1427 2589 1598 2634 Freising.
1647 2589 1730 2624 Phi—

154 2635 182 2671 li
267 2647 292 2670 ιι
316 2637 408 2670 setzt
433 2634 588 2670 darnach
614 2635 680 2670 den
697 2636 868 2681 Wahltag
893 2648 938 2671 an
963 2636 1024 2671 auf
1047 2637 1114 2671 den
1139 2640 1171 2671 3.
1199 2636 1308 2679 Mai-z,
1334 2636 1440 2670 Prutz
1468 2637 1514 2682 (u.
1541 2637 1631 2671 nach
1656 2637 1730 2671 ihm

206 2681 361 2725 offlend,
398 2682 460 2717 der
490 2682 591 2716 Wert
623 2682 684 2717 der
713 2682 822 2719 Gesta
845 2683 884 2718 F.
911 2683 945 2719 S.
971 2686 1016 2719 25
1040 2683 1088 2722 ff.)
1121 2683 1182 2718 auf
1212 2683 1279 2718 den
1306 2688 1336 2719 5.
1362 2683 1477 2721 Marz,
1505 2683 1732 2718 Giesebrecht

156 2729 247 2766 nach
281 2729 358 2765 dem
382 2729 568 2774 Vorgange
593 2729 709 2765 Cohns
735 2731 797 2765 auf
819 2731 885 2766 den
911 2734 942 2766 4.
969 2731 1084 2774 Mar23
1119 2731 1211 2765 nach
1237 2729 1465 2766 Giesebrecht
1495 2731 1544 2765 ist
1574 2732 1659 2765 eben
1694 2731 1731 2766 in

158 2776 226 2813 den
239 2777 563 2812 mittelalterlichen
580 2776 724 2819 Quellen
741 2778 797 2813 bei
815 2778 1099 2823 divergierenden
1119 2778 1358 2823 Zeitangaben
1374 2778 1468 2812 meh
1478 2789 1495 2812 r
1522 2777 1580 2813 Ge
1592 2779 1642 2812 wi
1657 2778 1732 2813 cht

138 2823 233 2906 >ilus
265 2823 335 2860 die
370 2824 558 2869 Angabe
592 2824 669 2860 des
701 2825 1033 2870 Wochentages
1067 2825 1135 2860 als
1168 2825 1246 2860 des
1281 2825 1648 2870 Kalendertages
1683 2837 1731 2860 zu

86 2884 89 2885 ⁷
176 2882 298 2917 egen.
