2098 3432
411 276 464 318 66

529 387 710 428 Vacante
739 387 986 428 Traiectensi
1030 386 1260 440 episcopatu
1302 389 1394 440 post
1423 387 1645 428 discessum
1682 387 1771 441 piae
1806 400 1960 429 memo-

411 444 492 484 riae
542 443 735 483 Harberti
779 443 968 496 episcopi,
1014 442 1200 484 misimus
1245 443 1295 484 ad
1341 443 1509 484 eandem
1553 444 1762 484 ecclesiam
1803 445 1958 496 legatos

410 501 570 540 nostros
611 512 704 540 cum
741 499 968 548 mandatis,
1011 500 1147 539 motus
1186 499 1439 549 temerarios,
1487 499 1555 551 qui
1591 499 1631 540 in
1669 500 1790 541 rebus
1818 499 1960 541 huius·

411 555 521 596 modi
553 555 726 596 suboriri
757 556 903 604 solent,
947 556 987 595 et
1017 555 1258 608 direptiones
1288 567 1426 596 rerum
1456 555 1844 597 aecclesiasticarum
1872 555 1959 596 fieri

414 611 654 652 auctoritate
683 614 824 653 nostra
852 611 1121 665 prohibentes.
1170 611 1454 652 Mandavimus
1486 611 1608 652 etiam
1639 612 1819 653 eiusdem
1848 612 1959 652 urbis

415 669 519 709 clero
552 667 758 709 honoratis
790 670 830 708 et
860 668 1031 721 populo,
1061 669 1109 707 ut
1139 667 1328 720 depositis
1358 667 1535 721 partium
1567 667 1712 708 studiis
1742 680 1830 708 sese
1860 667 1961 709 elec-

414 724 520 765 tioni
563 723 726 764 futurae
769 724 811 764 in
856 724 998 777 spiritu
1044 723 1275 764 concordiae
1321 725 1361 764 et
1404 723 1646 764 humilitatis
1689 725 1961 778 prepararent,

411 780 586 821 nectale
608 780 756 832 ahquid
779 780 1035 821 animositate
1066 779 1245 820 certandi
1275 780 1584 829 committerent,
1612 780 1655 820 in
1686 792 1766 832 quo
1794 779 1960 820 libertas

413 836 616 877 electionis
652 837 863 877 canonicae
894 836 957 876 ius
988 835 1184 876 libertatis
1220 836 1405 876 amittere
1435 836 1746 876 convinceretur.
1785 835 1958 876 'Verum

412 893 507 946 ipsi,
546 893 776 933 libertatem
804 892 967 946 pietatis
999 904 1022 932 a
1051 892 1234 944 patribus
1263 892 1464 932 indultam
1493 892 1534 932 in
1564 892 1747 933 velamen
1775 890 1958 933 maliciae

414 951 691 998 assumentes,
736 949 1055 989 dissensionibus
1101 950 1141 988 et
1188 948 1404 989 ambitione
1442 960 1528 988 rem
1566 948 1695 989 totam
1723 948 1960 1002 perturbare

417 1007 610 1059 ceperunt
641 1007 682 1046 et
711 1005 829 1057 longo
860 1007 1040 1058 tempore
1071 1005 1230 1045 tantam
1258 1004 1471 1057 potestatis
1501 1007 1587 1045 tam
1615 1004 1657 1044 in
1687 1003 1962 1058 spiritualibus

418 1075 541 1115 quam
561 1061 604 1102 in
626 1062 874 1102 secularibus
895 1062 1016 1101 rebus
1047 1060 1371 1113 magnitudinem
1403 1061 1555 1113 absque
1583 1062 1738 1102 rectore
1765 1059 1962 1101 fluctuare

417 1118 700 1171 permiserunt.
751 1117 943 1158 Ceterum
974 1117 1023 1157 ad
1055 1117 1235 1157 animum
1264 1117 1434 1165 rediens,
1462 1117 1625 1158 maioris
1655 1116 1844 1158 ecclesiae
1873 1128 1963 1169 pre-

417 1175 574 1228 positus
612 1175 652 1214 et
691 1173 871 1214 eiusdem
917 1173 1105 1214 ecclesiae
1148 1173 1323 1214 decanus
1365 1185 1457 1213 cum
1487 1173 1642 1225 reliquo
1672 1173 1776 1214 clero
1806 1173 1846 1213 et
1874 1171 1964 1213 uni-

421 1231 548 1272 versis
598 1230 798 1271 nobilibus
846 1229 1030 1270 unanimi
1078 1242 1275 1270 consensu
1323 1229 1364 1269 in
1414 1229 1608 1270 domnum
1656 1228 1964 1276 Herimannum,

418 1286 608 1328 ecclesiae
649 1286 782 1327 sancti
822 1286 1015 1327 Gereonis
1054 1285 1095 1325 in
1134 1285 1297 1326 Colonia
1333 1286 1602 1339 prepositum,
1645 1285 1778 1327 virum
1815 1284 1965 1326 scilicet

416 1343 598 1395 integrae
639 1343 744 1383 vitae
791 1344 831 1382 et
874 1342 1031 1396 probati
1059 1341 1298 1390 testimonii,
1342 1343 1624 1383 convenerunt.
1684 1341 1755 1382 Set
1793 1341 1958 1394 quidam

414 1399 696 1440 ministeriales
735 1398 916 1439 eiusdem
953 1399 1164 1447 ecclesiae,
1209 1398 1392 1438 tumultu
1437 1398 1542 1439 facto
1587 1397 1791 1450 armisque
1828 1396 1964 1446 illatis,

420 1457 639 1508 coegerunt
675 1455 873 1507 quosdam
911 1455 960 1495 de
1006 1454 1146 1496 eodem
1176 1455 1279 1495 clero
1311 1454 1568 1495 denominare
1599 1456 1639 1495 et
1669 1453 1964 1506 quodammodo

421 1513 567 1564 eligere
597 1511 866 1552 Frithericum
904 1511 1154 1565 prepositum
1196 1510 1323 1551 sancti
1354 1510 1515 1562 Georgii
1545 1510 1586 1550 in
1617 1509 1798 1559 Colonia,
1835 1509 1966 1551 homi-

420 1581 515 1609 nem
553 1568 739 1609 videlicet
766 1567 871 1608 infra
901 1569 1076 1608 aetatem
1108 1569 1148 1608 et
1179 1566 1348 1615 ordines,
1389 1567 1502 1607 cuius
1532 1566 1760 1618 ignorantia
1787 1565 1964 1607 fautores

420 1625 548 1678 ipsius
580 1624 629 1665 ad
669 1624 972 1665 subversionem
1012 1623 1200 1664 ecclesiae
1232 1623 1548 1676 abuterentur.*)
1606 1622 1690 1664 Nos
1719 1622 1876 1674 itaque,
1915 1621 1964 1662 de

418 1683 555 1722 tantae
587 1681 775 1722 ecclesiae
805 1681 922 1721 ruina
957 1680 1232 1733 compassione
1273 1679 1461 1720 clementi
1499 1678 1774 1728 condolentes,
1816 1677 1961 1720 iterato

417 1738 604 1778 misimus
649 1737 706 1777 eis
751 1750 844 1777 cum
887 1737 1085 1790 preceptis
1129 1735 1331 1789 regalibus
1375 1736 1550 1788 legatos,
1603 1735 1849 1788 imperantes
1893 1735 1962 1783 eis,

421 1794 614 1846 quatinus
662 1793 771 1834 omni
810 1793 1015 1834 occasione
1055 1792 1278 1846 postposita
1316 1791 1520 1832 mediante
1565 1790 1964 1844 quadragesima,**)

421 1862 525 1902 quae
555 1851 762 1890 transacta
794 1851 876 1899 est,
906 1851 1044 1890 nostro
1077 1861 1164 1889 sese
1195 1848 1426 1901 conspectui
1455 1849 1755 1902 presentarent,
1786 1859 1967 1901 accep-

418 1906 527 1947 turi
587 1918 642 1946 ex
689 1905 838 1958 regio
886 1918 1022 1947 more
1073 1904 1468 1946 contentionum
1517 1903 1674 1945 finem
1723 1905 1772 1944 et
1819 1903 1963 1944 urbis

419 1975 541 2004 suae
572 1962 855 2010 dominum,
900 1962 987 2014 qui
1024 1961 1333 2002 melioribus
1365 1960 1645 2013 suffragiis
1674 1960 1961 2001 iuvaretur.

419 2018 543 2059 Venit
582 2019 721 2070 itaque
760 2018 940 2071 prefatus
979 2018 1255 2058 Herimannus
1297 2017 1347 2057 ad
1382 2017 1629 2070 presentiam
1657 2018 1840 2058 nostram
1869 2028 1963 2057 cum

420 2076 504 2116 suis
550 2075 799 2115 electoribus.
873 2074 945 2115 Set
988 2074 1066 2123 illi,
1122 2073 1191 2126 qui
1234 2074 1421 2114 iuvenem
1466 2074 1690 2126 elegerant,
1732 2071 1963 2113 iuveniliter

418 2133 584 2184 agentes
623 2143 754 2183 neque
784 2132 982 2172 venerunt
1011 2143 1143 2182 neque
1174 2130 1406 2171 canonicam
1436 2129 1733 2171 excusationem
1763 2141 1835 2170 seu
1863 2128 1962 2181 legi-

417 2188 562 2228 timam
601 2187 938 2234 transmiserunt,
978 2187 1058 2227 nisi
1095 2186 1202 2238 quod
1240 2188 1356 2239 pater
1391 2186 1561 2239 predicti
1589 2183 1834 2238 F(ritherici)
1872 2196 1963 2238 pre-

419 2244 557 2298 positi,
608 2256 741 2284 comes
785 2243 970 2284 videlicet
1013 2242 1239 2295 A(dolfus),
1285 2243 1436 2295 absque
1482 2242 1741 2283 attestatione
1784 2241 1880 2283 cleri
1923 2241 1964 2282 et

420 2301 558 2354 populi
589 2302 628 2340 et
658 2300 777 2340 certis
807 2312 879 2353 per
910 2300 1099 2353 epistolas
1128 2298 1333 2340 mandatis
1362 2299 1473 2340 venit
1504 2301 1545 2340 et
1573 2298 1783 2351 negotium
1813 2296 1963 2338 differri

537 2402 567 2442 *)
604 2400 692 2436 Ann.
718 2400 939 2444 Egmundani
973 2401 1032 2444 (M.
1061 2399 1101 2434 G.
1137 2400 1169 2433 S.
1196 2399 1230 2435 S.
1255 2399 1348 2442 XVI,
1382 2401 1482 2443 456):
1517 2399 1602 2433 Post
1626 2399 1722 2434 cuius
1747 2398 1961 2443 (Hartberti)

421 2449 551 2482 obitum
579 2447 619 2481 de
644 2447 800 2491 eligendo
825 2447 980 2492 episcopo
1006 2446 1148 2490 grandis
1175 2446 1345 2480 discordia
1370 2448 1442 2480 tam
1467 2445 1557 2479 inter
1582 2445 1721 2480 elericos
1746 2455 1849 2490 quam
1871 2445 1963 2479 inter

420 2495 523 2528 laicos
559 2494 651 2527 facta
675 2495 747 2535 est,
785 2493 862 2527 aliis
887 2493 1133 2534 Frithericum,
1164 2492 1274 2526 filium
1298 2492 1433 2534 Adolfi,
1459 2491 1594 2526 comitis
1619 2491 1661 2525 de
1684 2491 1860 2534 Huevelle,
1885 2491 1963 2526 aliis

420 2541 686 2581 Heremannum,
711 2539 945 2584 praepositum
970 2539 1081 2573 sancti
1107 2537 1274 2573 Gereonis'
1299 2538 1340 2572 de
1366 2538 1517 2580 Colonia,
1547 2538 1765 2581 eligentibus.
1814 2537 1964 2572 Comites

421 2587 600 2632 siquidem,
627 2586 788 2620 ecclesiae
813 2586 985 2627 homines,
1013 2584 1188 2620 Gelrensis
1215 2585 1410 2627 Heinricus,
1436 2584 1699 2618 Holtlandensis
1723 2583 1961 2627 Theodericus,

421 2633 592 2667 Clevensis
607 2631 834 2666 Theodericus
846 2632 1099 2666 Heremannum
1117 2631 1284 2673 invest-iri,
1301 2631 1552 2665 instantissime
1567 2630 1817 2664 laboraverunt.
1835 2629 1961 2665 Omnes

421 2682 534 2713 autem
570 2678 813 2712 ministeriales
846 2680 882 2712 et
913 2678 1002 2712 cives
1031 2678 1183 2712 civitatis
1214 2677 1442 2711 Traiectensis
1476 2679 1511 2711 et
1535 2676 1745 2710 Davantriae
1777 2678 1814 2710 et
1847 2687 1962 2711 omnes

422 2726 646 2769 agricultores
671 2727 707 2758 et
731 2725 894 2769 cuiusque
919 2724 1023 2758 officii
1047 2724 1201 2758 homines
1225 2723 1417 2758 Fritherioo
1443 2722 1662 2757 devotissime
1686 2722 1853 2765 faverunt,
1879 2723 1962 2757 adeo

421 2776 460 2805 ut
485 2783 597 2806 rerum
625 2781 764 2804 suarum
789 2771 1018 2816 dispendium,
1043 2770 1148 2804 immo
1165 2770 1257 2804 vitae
1275 2770 1462 2815 periculum
1488 2781 1548 2814 pro
1574 2781 1612 2803 eo
1637 2769 1751 2803 subire
1774 2779 1843 2803 non
1867 2768 1963 2803 dubi-

422 2821 547 2852 tarent.
608 2818 660 2859 **)
687 2817 742 2851 Sie
779 2828 892 2851 waren
923 2817 979 2851 fiir
1010 2817 1075 2851 den
1110 2819 1162 2851 18.
1195 2816 1291 2850 Μὲὶη
1323 2816 1384 2850 auf
1413 2816 1511 2850 einen
1546 2815 1679 2859 Hoftag
1708 2825 1748 2849 zu
1781 2814 1966 2859 Niirnberg

421 2864 636 2908 vorgeladen.
