2098 3432
471 292 526 333 30

467 402 576 450 tudo,
607 404 648 442 et
672 404 733 443 est
754 403 968 444 ammirata
988 403 1176 444 universa
1195 403 1352 456 imperii
1372 404 1499 444 nostri
1519 404 1751 458 latitudo.*)
1807 405 1926 447 Unde
1945 406 2008 448 vel

469 471 491 498 a
522 471 600 510 quo
629 459 704 499 hoc
733 460 819 498 tam
850 471 1035 499 amarum
1067 459 1232 499 verbum
1263 460 1511 512 processerit,
1541 461 1753 513 presertim
1782 473 1875 501 cum
1903 461 2009 504 inter
2062 475 2070 502 ξ

468 517 626 554 0001010
662 514 783 554 11111113
822 515 963 555 mundi
993 527 1119 567 regna
1149 514 1372 555 Grecorum
1402 528 1574 567 regnum
1603 516 1712 557 omni
1742 517 1939 570 sapientia
1968 521 2008 559 et
2070 560 2079 572 ,1

469 569 705 610 discretione
749 572 914 610 actenus
954 570 1152 619 floruerit,
1191 570 1410 611 admodum
1448 571 1583 612 mirati
1614 585 1768 613 sumus.
1827 571 1871 614 Si
1900 573 2008 614 enim

467 625 574 665 idem
611 626 784 666 nuncius
823 628 919 666 tuus
950 626 1164 667 Nikoforus
1203 627 1369 666 unicum
1398 627 1528 667 filium
1557 630 1744 668 nostrum
1772 627 2007 670 Heinricum

467 681 507 720 in
549 681 750 733 presentia
790 684 928 722 nostra
957 682 1077 722 morti
1107 681 1302 730 dedisset,
1342 682 1391 722 ad
1420 682 1615 723 maiorem
1653 685 1755 723 iram
1783 683 2006 726 maiestatis

468 740 627 776 nostrae
650 737 831 777 animum
851 750 1063 790 provocare
1084 750 1164 778 non
1184 740 1351 790 poterat.
1401 737 1586 790 Cumque
1615 739 1698 780 iam
1725 751 1797 792 per
1827 739 2007 780 triduum

467 792 507 831 111
549 793 622 832 hoc
663 793 802 833 acerbo
840 794 1062 834 laborasset
1101 796 1140 833 et
1178 794 1352 845 rigorem
1391 794 1518 834 nostri
1554 795 1678 835 animi
1706 794 1818 836 nullo
1846 794 2006 847 ingenio
2071 806 2075 807 ⁷

467 848 658 899 nullaque
700 849 898 900 sapientia
938 849 988 889 ad
1027 861 1143 889 suam
1174 849 1425 889 voluntatem
1453 849 1656 891 inflectere
1685 851 1902 903 potuisset,
1941 851 2007 892 vix

466 903 630 943 tandem
670 906 813 955 quarto
851 905 914 944 die
952 904 1038 944 aliis
1075 905 1205 945 verbis
1245 904 1488 945 dulcioribus
1521 905 1796 947 excellentiam
1825 908 2006 948 nostram

466 959 712 1007 exhilaravit,
752 963 993 1011 nostraeque
1033 960 1165 1000 furore
1204 960 1493 1012 indignationis
1533 961 1739 1014 mitigato,
1784 962 2006 1003 nobilitatis

465 1017 558 1054 tuae
589 1015 839 1056 voluntatem
868 1016 981 1056 nobis
1012 1016 1179 1068 aperuit.

574 1070 626 1110 Et
656 1071 847 1122 quoniam
876 1071 934 1111 ita
962 1084 1070 1111 nunc
1101 1074 1162 1111 est
1192 1075 1232 1111 et
1262 1084 1350 1112 0330
1383 1071 1519 1120 (101101,
1551 1071 1658 1123 (111οᾰ
1687 1074 1751 1121 111,
1783 1073 2004 1114 amicorum

463 1126 716 1175 am‘cissime,
747 1139 911 1167 uxorem
933 1127 1100 1180 accipies
1123 1127 1428 1168 dilectissimam
1453 1127 1579 1167 filiam
1601 1130 1794 1178 nostram,
1824 1141 2006 1170 sororem

464 1181 647 1222 videlicet
667 1182 938 1223 nobilissimae
961 1183 1192 1223 contectalis
1202 1185 1421 1232 ainostrae,
1446 1183 1645 1231 volumus,
1675 1184 1723 1223 ut
1740 1183 1783 1224 in
1803 1185 1858 1225 sit
1878 1186 2006 1226 aeter-

461 1249 560 1276 num
589 1237 703 1278 fedus
732 1239 919 1290 perennis
951 1238 1161 1286 amicitiae,
1193 1251 1316 1291 quam
1347 1239 1536 1279 videlicet
1567 1239 1788 1280 amicitiam
1816 1242 2003 1293 presente

461 1292 714 1344 apocrisiario
736 1297 806 1334 tuo
827 1306 894 1334 ore
920 1298 960 1334 et
990 1294 1264 1347 manuscripto
1297 1294 1454 1335 firmari
1483 1294 1690 1343 iussimus,
1719 1295 1778 1336 ita
1807 1295 2004 1346 videlicet,

463 1352 507 1388 ut
529 1351 568 1388 et
590 1349 705 1389 amici
727 1350 948 1390 amicorum
970 1353 1135 1391 tuorum
1159 1351 1200 1390 et
1222 1350 1372 1390 inimici
1394 1350 1522 1391 simus
1542 1350 1799 1392 inimicorum
1827 1353 2004 1393 tuorum.

461 1403 632 1444 Proinde
674 1406 784 1445 certa
820 1405 873 1446 sit
910 1405 1127 1458 prudentia
1162 1407 1252 1455 tua,
1292 1405 1419 1458 quod,
1460 1406 1493 1447 si
1524 1408 1618 1446 tuae
1647 1406 1850 1448 nobilitati
1877 1407 2004 1462 unde-

462 1472 634 1511 cumque
673 1461 807 1513 aliqua
844 1462 1032 1502 molestia
1072 1462 1134 1502 vel
1174 1462 1322 1502 iniuria
1351 1461 1472 1502 fuerit
1500 1462 1631 1511 illata,
1670 1474 1752 1503 non
1787 1463 1894 1504 hanc
1929 1464 2003 1505 tibi

462 1518 641 1565 tantum,
671 1516 741 1556 sed
771 1517 894 1557 etiam
924 1517 1038 1558 nobis
1067 1517 1223 1558 factam
1253 1517 1339 1558 iure
1371 1517 1594 1558 dilectionis
1625 1519 1872 1571 reputamus,
1903 1531 2003 1571 quo-

467 1571 576 1611 niam
614 1572 775 1612 virtutis
811 1575 905 1613 tuae
942 1573 1129 1614 nobilitas
1169 1575 1209 1614 et
1238 1573 1410 1613 maxime
1440 1574 1623 1625 generosi
1655 1574 1882 1626 sanguinis,
1923 1587 2003 1628 quo

466 1627 506 1666 in
527 1627 674 1679 pignus
695 1630 913 1681 perpetuae
935 1629 1157 1670 dilectionis
1180 1629 1423 1670 confederati
1445 1641 1598 1678 sumus,
1627 1629 1907 1683 propinquitas
1927 1643 2001 1672 nos

467 1683 630 1731 invitat,
668 1687 716 1724 ut
754 1686 794 1724 te
831 1686 1044 1737 tamquam
1082 1685 1211 1725 filium
1240 1685 1500 1725 karissimum
1530 1685 1655 1726 totius
1684 1685 1792 1726 ulnis
1821 1686 2002 1728 caritatis

466 1739 758 1791 amplectamur
787 1741 827 1780 et
857 1744 1002 1781 cuncta
1032 1753 1135 1792 quae
1165 1740 1239 1781 tibi
1267 1740 1414 1793 placita
1443 1742 1540 1781 sunt
1567 1740 1709 1782 libenti
1740 1741 1874 1783 animo
1903 1741 2002 1783 faci-

466 1806 591 1834 amus.
640 1791 688 1835 In
720 1807 800 1847 qua
818 1808 862 1836 re
891 1796 1046 1836 iustum
1076 1797 1329 1845 arbitramur,
1359 1797 1406 1836 ut
1436 1795 1605 1836 eandem
1636 1796 1856 1838 amicitiam
1884 1797 2000 1839 nobis

466 1851 506 1889 01
535 1850 702 1902 imperio
732 1852 868 1892 nostro
898 1852 1048 1892 firmari
1079 1851 1214 1901 facias,
1244 1855 1300 1901 ut,
1331 1851 1540 1904 completis
1570 1852 1757 1893 omnibus
1775 1853 2002 1903 honorifice,

465 1905 628 1957 utrique
658 1906 824 1959 imperio
856 1907 1016 1947 debitus
1047 1908 1172 1948 honor
1202 1908 1343 1948 exinde
1375 1907 1580 1948 deferatur
1609 1909 1650 1948 et
1678 1919 1756 1960 pax
1785 1910 1827 1950 et
1854 1921 2002 1950 nomen

465 1960 615 2001 Christi
644 1975 716 2015 per
744 1963 978 2003 universum
1008 1963 1207 2004 mundum
1236 1963 1330 2004 inde
1361 1963 1656 2015 magnificetur.

575 2017 698 2058 Porro
729 2018 778 2058 de
809 2019 1040 2070 quingentis
1070 2019 1279 2068 militibus,
1312 2031 1412 2071 quos
1442 2019 1629 2059 nobilitas
1659 2021 1733 2060 tua
1761 2019 1899 2072 petiit,
1927 2020 2002 2061 hoc

464 2072 539 2113 tibi
575 2073 887 2126 respondemus,
923 2075 1030 2126 quod
1073 2088 1154 2116 non
1193 2075 1326 2115 solum
1357 2075 1618 2126 quingentos,
1659 2075 1730 2116 sed
1759 2075 1883 2116 etiam
1921 2075 2000 2117 duo

463 2128 526 2168 vel
556 2130 634 2169 tria
662 2130 792 2178 milia,
824 2129 858 2170 si
887 2142 1049 2171 necesse
1078 2131 1277 2179 habueris,
1307 2130 1381 2171 tibi
1410 2130 1622 2171 mittemus
1652 2133 1704 2180 et,
1734 2131 1840 2183 quod
1869 2131 2000 2184 magis

465 2185 543 2232 est,
575 2187 793 2238 antequam
824 2185 1114 2227 detrimentum
1144 2186 1305 2238 aliquod
1336 2186 1496 2226 honoris
1527 2189 1573 2226 tu
1602 2187 1729 2239 patite
1758 2186 1999 2234 videremus,

464 2239 667 2281 elaborata
682 2243 708 2274 b)
747 2241 871 2281 totius
909 2241 1067 2295 imperii
1105 2242 1232 2282 nostri
1262 2241 1517 2290 fortitudine,
1553 2242 1594 2282 in
1634 2242 1796 2296 propria
1830 2254 2002 2296 persona

462 2295 555 2345 tibi,
595 2297 699 2337 sicut
728 2296 963 2349 precordiali
994 2298 1074 2338 filio
1106 2299 1146 2339 et
1175 2297 1291 2338 fratri
1321 2298 1548 2346 carissimo,
1585 2298 1752 2338 deficere
1792 2299 1834 2339 et
1861 2298 2000 2340 deesse

462 2363 543 2391 non
572 2364 796 2404 possemus.

574 2408 764 2448 Preterea
794 2408 955 2461 scripsit
983 2409 1098 2449 nobis
1129 2411 1202 2449 tua
1230 2409 1439 2457 nobilitas,
1479 2409 1586 2460 quod
1616 2421 1785 2461 magnos
1815 2410 1857 2450 01
1885 2421 1998 2450 caros

462 2463 629 2504 nuncios
651 2464 873 2504 sinceritati
893 2467 988 2505 tuae
1008 2465 1285 2510 mitteremus;
1316 2465 1358 2504 in
1380 2477 1458 2516 quo
1484 2464 1684 2505 voluntati
1713 2466 1808 2506 tuae
1839 2465 2000 2517 acquie-

462 2518 613 2568 vimus,
652 2519 843 2571 quoniam
874 2533 974 2572 quos
1005 2521 1176 2561 cariores
1206 2520 1423 2561 habuimus
1454 2520 1712 2561 excellentiae
1742 2522 1838 2561 tuae
1866 2522 1999 2561 trans-

461 2574 660 2623 misimus,
689 2575 841 2616 scilicet
861 2576 1116 2616 carissimum
1138 2578 1178 2617 et
1197 2576 1487 2629 precordialem
1507 2578 1694 2616 nostrum
1713 2575 1997 2618 Embriconem

461 2630 730 2677 venerabilem
749 2631 1119 2684 wirziburgensem
1140 2632 1382 2685 episcopum,
1411 2631 1614 2672 illustrem
1643 2634 1684 2672 01
1703 2643 1900 2684 magnum
1919 2631 1997 2672 im-

577 2767 611 2806 a)
635 2765 846 2799 contoralis‘?
895 2766 930 2809 b)
956 2767 1046 2799 statt
1068 2766 1243 2800 elaborata
1268 2766 1348 2799 liest
1373 2766 1595 2800 Giesebrecht
1618 2766 1790 2800 devorata.

579 2810 609 2853 *)
635 2811 704 2844 Der
731 2811 921 2845 Charakter
946 2812 1004 2845 des
1029 2811 1283 2845 Zwischenfalls
1319 2812 1406 2846 lasst
1437 2812 1510 2846 sich
1543 2823 1604 2846 aus
1637 2812 1697 2846 der
1721 2811 1913 2847 Aufschrift
1937 2811 1996 2846 des

465 2856 596 2890 Briefes
621 2857 804 2891 schliessen
832 2859 938 2902 (verel
965 2858 1150 2902 imperator
1174 2859 1359 2901 augustus!
1386 2858 1459 2902 regi
1484 2857 1732 2901 Οτι-0000101111).
