2098 3432
473 304 554 345 128

1026 415 1067 466 c)
1099 414 1456 469 rehensqesetzf)

645 481 823 525 (Ragewin
849 480 956 515 Gesta
980 481 1039 521 IV,
1065 493 1092 516 c.
1122 485 1162 516 10
1187 493 1221 516 u.
1246 481 1336 516 Mon.
1364 481 1477 516 Germ.
1502 481 1591 525 legg.
1618 481 1664 524 ΙΙ,
1693 485 1757 516 113
1782 481 1820 524 f.)

581 555 807 595 Fridericus
818 555 893 596 Dei
911 556 1041 607 gratia
1053 556 1330 596 Romanorum
1346 555 1565 608 imperator
1580 557 1620 595 et
1635 567 1795 608 semper
1811 557 2009 608 augustus

474 610 671 651 universis
701 612 838 652 nostro
869 612 1059 652 subiectis
1088 611 1256 664 imperio
1268 614 1305 651 a).
1355 611 1614 664 Imperialem
1644 611 1758 652 decet
1788 611 2010 652 sollertiam

468 667 526 707 ita
547 667 604 706 rei
625 666 807 719 publicae
830 679 970 707 curam
991 679 1128 719 gerere
1150 668 1190 708 et
1211 667 1486 708 subiectorum
1515 667 1726 708 commoda
1753 667 2008 719 investigare,
2076 669 2081 711 {-

471 724 516 762 ut
534 723 647 774 regni
670 722 823 762 utilitas
843 723 1078 776 incorrupta
1097 724 1344 776 permaneat,
1374 724 1414 763 et
1434 723 1687 774 singulorum
1706 725 1840 764 status
1858 722 2008 776 iugiter

470 780 654 819 servetur
682 778 859 819 illaesus.
919 778 1182 832 Quapropter,
1214 779 1312 819 dum
1343 791 1389 819 ex
1418 779 1749 831 predecessorum
1777 791 1888 820 more
1918 779 2011 820 uni—

468 834 614 874 versali
651 834 784 874 curiae
826 835 1043 875 Roncaliae
1082 848 1153 888 pro
1191 835 1383 875 tribunali
1414 834 1665 883 sederemus,
1711 847 1735 875 a
1762 833 2008 888 principibus

467 890 631 938 Italicis,
662 894 747 930 tam
767 891 989 931 rectoribus
1011 891 1271 931 ecclesiarum
1293 903 1416 942 quam
1445 890 1533 931 aliis
1562 889 1746 931 fidelibus
1776 889 1899 942 regni,
1927 903 2009 932 non

469 946 646 986 modicas
669 946 894 999 accepimus
917 947 1113 998 querelas,
1144 946 1252 998 quod
1282 946 1475 987 beneficia
1505 958 1643 986 eorum
1673 947 1713 986 et
1741 945 1873 995 feuda,
1904 958 2008 998 quae

469 1002 610 1042 vasalli
642 1002 691 1042 ab
722 1002 777 1042 eis
807 1003 1022 1051 tenebant,
1062 1003 1146 1043 sine
1187 1002 1442 1043 dominorum
1482 1002 1644 1042 licentia
1672 1001 1830 1054 pignori
1859 1001 2009 1054 obliga-

470 1059 646 1099 verantb)
679 1059 719 1098 et
755 1058 931 1109 quadam
972 1059 1189 1099 collusione
1225 1058 1386 1098 nomine
1424 1058 1550 1098 libelli
1578 1057 1862 1107 vendiderant,
1900 1057 2008 1098 unde

468 1113 604 1154 debita
644 1114 806 1154 servitia
844 1114 1087 1155 amittebant
1124 1116 1164 1155 et
1202 1115 1395 1155 honorem
1424 1113 1580 1167 imperii
1609 1116 1852 1165 nostraeque
1881 1113 2006 1154 felicis

468 1169 734 1222 expeditionis
773 1170 1118 1223 complementum
1155 1170 1394 1210 minuebant
1405 1172 1441 1209 0).
1499 1169 1649 1210 Habito
1686 1169 1812 1221 igitur
1841 1169 2006 1210 consilio

469 1226 755 1278 episcoporum,
787 1225 947 1275 ducum,
977 1226 1257 1267 marchionum
1287 1229 1327 1266 et
1357 1225 1562 1274 comitum,
1593 1225 1716 1266 simul
1747 1225 1869 1266 etiam
1896 1225 2008 1278 pala-

468 1282 646 1322 tinorum
666 1281 846 1322 iudicum
867 1283 907 1323 et
928 1282 1098 1323 aliorum
1127 1294 1350 1335 procerum,
1379 1282 1456 1322 hac
1486 1281 1645 1322 edictali
1672 1281 1772 1333 lege,
1801 1280 1887 1322 Deo
1916 1293 2008 1334 pro-

467 1338 565 1390 pitio
595 1339 789 1390 perpetuo
820 1338 1011 1387 valitura,
1042 1338 1289 1386 sanccimus,
1318 1341 1365 1378 ut
1394 1337 1496 1377 nulli
1524 1337 1646 1378 liceat
1674 1336 1842 1377 feudum
1870 1338 2007 1380 totum

466 1394 529 1434 vel
559 1395 718 1446 partem
750 1393 930 1446 aliquam
951 1394 1121 1434 vendere
1151 1394 1215 1434 vel
1243 1393 1454 1446 pignorare
1483 1393 1547 1434 vel
1577 1392 1877 1445 quomodolibet
1907 1392 2002 1434 alie—

465 1461 562 1489 nare
594 1450 656 1490 vel
684 1462 755 1502 pro
787 1449 922 1490 anima
951 1450 1127 1490 iudicare
1141 1451 1168 1483 d>
1191 1449 1276 1490 sine
1306 1449 1567 1502 permissione
1589 1448 1751 1489 maioris
1773 1447 1925 1489 domini
1955 1447 2005 1489 ad

468 1518 590 1557 quem
633 1504 801 1546 feudum
845 1508 1024 1559 spectare
1070 1505 1300 1546 dinoscitur.
1368 1505 1486 1546 Unde
1527 1505 1747 1558 imperator
1788 1504 2005 1544 Lotharius

467 1563 631 1601 tantum
650 1561 691 1600 in
714 1561 852 1602 futuro
874 1574 1031 1611 cavens,
1061 1574 1112 1602 ne
1133 1562 1258 1610 fieret,
1287 1560 1581 1614 promulgavit3
1611 1573 1685 1602 nos
1707 1559 1758 1600 ad
1785 1560 2006 1613 pleniorem

469 1619 606 1657 autem
636 1617 751 1668 regni
780 1617 1002 1658 utilitatem
1030 1617 1306 1671 providentes,
1336 1630 1414 1658 non
1446 1617 1579 1658 solum
1608 1617 1649 1656 in
1678 1618 1904 1669 posterum,
1934 1615 2005 1656 sed

467 1673 590 1713 etiam
610 1672 842 1714 huiusmodi
861 1674 973 1727 prius
994 1674 1155 1714 iUicitas
1178 1672 1438 1714 alienationes
1459 1673 1710 1726 perpetratas
1730 1672 1807 1713 hac
1826 1672 2004 1725 presenti

466 1728 674 1769 sanccione
715 1741 924 1770 cassamus
960 1731 1001 1771 et
1037 1730 1079 1770 in
1121 1730 1282 1770 irritum
1318 1729 1576 1775 deducimus3
1620 1727 1772 1768 nullius
1810 1728 2004 1781 temporis

463 1784 751 1837 prescriptione
786 1785 1050 1838 impediente,
1091 1788 1246 1838 emptor
1285 1785 1413 1826 bonae
1442 1784 1535 1824 fidei
1566 1784 1615 1824 de
1643 1783 1776 1837 precio
1807 1783 2005 1824 actionem

464 1841 612 1881 habeat
633 1842 772 1881 contra
788 1842 1038 1882 venditorem
1059 1842 1355 1894 competentem
1365 1843 1403 1880 Θ).
1443 1839 1608 1881 Callidis
1628 1839 1794 1892 insuper
1814 1851 2005 1892 quorum-

465 1897 559 1937 dam
603 1897 968 1938 machinationibus
1014 1898 1238 1945 obviantes,
1283 1896 1353 1948 qui
1391 1896 1523 1949 precio
1562 1897 1724 1949 accepto
1771 1895 1889 1948 quasi
1928 1895 2004 1936 sub

465 1953 594 1994 colore
623 1952 907 2003 investiturae,
939 1966 1061 2006 quam
1092 1954 1167 1994 sibi
1196 1953 1314 1994 licere
1346 1952 1504 2001 dicunt,
1534 1951 1656 1992 feuda
1683 1951 1865 1992 vendunt
1893 1953 1934 1992 et
1960 1951 2003 1992 in

469 2009 567 2049 alios
588 2008 850 2059 transferunt,
880 2023 930 2050 ne
951 2010 1032 2050 tale
1052 2010 1295 2062 figmentum
1315 2009 1379 2049 vel
1411 2007 1518 2048 aliud
1550 2007 1718 2048 ulterius
1748 2007 1790 2047 in
1818 2006 2003 2048 fraudem

465 2065 587 2104 huius
630 2067 794 2105 nostrae
835 2066 1133 2107 constitutionis
1170 2065 1434 2117 excogitatur,
1478 2063 1664 2104 omnibus
1701 2063 1831 2104 modis
1868 2063 2004 2116 prohi-

464 2121 630 2167 bemus3
651 2120 772 2173 plena
789 2122 1029 2162 auctoritate
1050 2123 1189 2162 nostra
1209 2121 1473 2168 statuentes,f)
1504 2121 1553 2160 ut
1571 2118 1755 2160 venditor
1775 2121 1816 2159 et
1836 2120 2002 2172 emptor,

466 2176 536 2228 qui
555 2178 642 2216 tam
662 2176 802 2217 illicita
828 2178 1073 2218 contraxisse
1102 2179 1287 2230 repertus
1317 2176 1450 2225 fuerit,
1479 2175 1648 2216 feudum
1679 2174 1852 2224 amittat,
1883 2177 1923 2215 et
1953 2174 2003 2215 ad

464 2232 672 2272 dominum
687 2232 810 2273 libere
825 2235 1074 2281 revertatur;
1097 2233 1227 2274 scriba
1242 2245 1346 2281 vero,
1368 2231 1437 2284 qui
1454 2243 1573 2284 super
1589 2231 1664 2272 hoc
1682 2230 2003 2271 instrumentum

462 2289 591 2328 sciens
614 2289 905 2341 conscripserit,
936 2291 1027 2342 post
1049 2289 1307 2329 amissionem
1337 2287 1454 2328 officii
1486 2300 1578 2328 cum
1607 2286 1796 2327 infamiae
1826 2286 2001 2340 periculo

462 2357 633 2384 manum
676 2344 850 2386 amittat.
909 2345 1118 2394 Preterea,
1157 2346 1189 2386 si
1232 2344 1321 2396 quis
1356 2343 1590 2384 infeudatus
1627 2343 1756 2383 maior
1795 2343 1847 2383 14
1885 2342 2002 2383 annis

463 2412 538 2441 sua
558 2400 713 2440 incuria
735 2402 798 2442 vel
823 2414 898 2442 sua
925 2401 1175 2454 negligentia
1203 2413 1275 2454 per
1305 2412 1457 2440 annum
1488 2401 1528 2440 et
1557 2399 1664 2440 diem
1694 2398 1863 2448 steterit,
1893 2398 2001 2451 quod

582 2513 612 2548 *i
639 2513 716 2556 Vgl.
734 2512 929 2546 Friedrichs
944 2511 1190 2555 Lehensgesetz
1217 2523 1245 2545 v.
1263 2510 1294 2545 J.
1316 2513 1403 2544 11:34
1430 2510 1494 2553 (nr.
1511 2510 1610 2543 XXX
1633 2509 1761 2543 meiner
1776 2508 2000 2553 Sammlung).

463 2559 562 2594 Nach
587 2559 732 2592 Nitzsch
763 2570 792 2593 a.
819 2570 848 2593 a.
875 2557 915 2592 Ο.
947 2557 1136 2591 bezweckte
1169 2557 1285 2600 obiges
1309 2557 1576 2599 Lehcnsgesotz,
1608 2555 1716 2589 durch
1748 2555 1823 2589 eine
1850 2554 2003 2589 Wieder-

463 2605 676 2648 herstellung
701 2605 760 2638 der
784 2605 859 2639 ital.
876 2604 1210 2646 Lehensverfassung
1234 2602 1287 2636 dic
1301 2602 1682 2645 Weiterentwickelung
1705 2601 1766 2635 der
1788 2600 2003 2635 stadtisehen

465 2652 658 2685 Interessen
689 2662 729 2684 zu
758 2651 926 2684 hemmen.

575 2697 608 2742 a)
633 2697 721 2731 fehlt
751 2697 805 2730 bei
830 2696 995 2739 Ragewin
1027 2707 1059 2730 u.
1086 2695 1217 2738 Waitz;
1248 2695 1286 2737 b)
1310 2695 1383 2728 Lib.
1410 2694 1513 2728 Feud.
1547 2705 1581 2728 u.
1606 2693 1723 2727 Pertz:
1755 2692 2000 2736 obligaverant,

462 2743 703 2784 vendiderant;
736 2744 766 2787 c)
792 2742 866 2777 Lib.
891 2742 995 2776 Feud.
1020 2753 1054 2775 u.
1079 2741 1196 2774 Pertz:
1223 2741 1516 2782 mundabantur,
1542 2742 1578 2773 et
1601 2740 1707 2773 honor
1730 2738 1754 2773 i.
1779 2739 1815 2772 et
1838 2739 1953 2772 nostre
1976 2738 1999 2773 f.

459 2802 486 2824 e.
514 2801 540 2824 c.
574 2789 811 2831 minuebatur3
855 2788 888 2828 d)
923 2787 1225 2822 testamentarisch
1249 2787 1468 2827 vermachen;
1509 2787 1540 2828 e)
1574 2785 1648 2820 Lib.
1679 2784 1783 2819 Feud.
1816 2795 1850 2819 u.
1881 2783 1999 2818 Pertz:

462 2835 606 2880 emptori
631 2835 663 2869 b.
681 2835 704 2869 f.
723 2834 755 2869 d.
774 2846 806 2879 p.
833 2834 964 2868 actione
987 2835 1106 2867 contra
1130 2845 1160 2867 v.
1186 2835 1418 2878 competente3
1443 2832 1472 2874 f)
1491 2831 1565 2866 Lib.
1581 2830 1686 2865 Feud.
1710 2841 1744 2864 u.
1762 2830 1882 2864 Pertz:
1914 2841 2001 2875 pena

465 2892 496 2916 a.
521 2893 554 2916 n.
577 2881 774 2915 inminente.

2086 790 2092 808 i
