2098 3432
463 310 543 349 174

461 420 568 472 quod
610 421 771 461 nullum
808 423 958 463 vellent
999 425 1214 466 aecclesiae

460 476 593 516 subire
604 476 799 518 iudicium
809 478 872 518 vel
888 490 1065 521 examen.
1084 480 1214 534 Super

459 532 558 572 haec
595 533 730 573 omnia
766 533 874 574 idem
915 534 1132 577 Heinricus
1173 538 1214 578 et

461 586 557 628 Otto
580 588 794 629 cardinalis
816 589 953 630 Sancti
973 591 1142 643 Nycolai
1164 592 1212 633 de

459 642 627 684 Carcere
671 645 874 694 Tulliano,
919 647 988 698 qui
1031 649 1212 701 tempore

458 699 611 739 concilii
625 701 664 740 et
680 702 773 741 ante
791 703 889 754 aput
898 702 1071 743 Ianuam
1080 716 1212 745 mora-

457 755 626 805 bantur,
667 758 708 797 et
743 757 945 798 Iohannes
973 759 1212 812 Anagninus

457 811 669 852 cardinalis
709 814 750 853 et
786 813 987 854 Iohannes
1016 814 1210 856 Piozutus

456 870 618 908 sanctae
639 868 845 910 Romanae
873 870 1087 912 aecclesiae
1117 873 1212 913 sub-

455 922 620 973 diaconi,
643 925 713 976 qui
733 928 830 966 tunc
847 927 946 979 aput
961 925 1211 968 Placentiam

455 982 580 1028 erant,
611 992 682 1033 per
711 981 735 1021 8
765 981 848 1022 dies
880 994 903 1022 a
932 983 1095 1024 concilio
1127 985 1211 1025 toto

455 1037 551 1075 sunt
572 1037 791 1089 exspectati
821 1041 861 1078 et
895 1050 966 1090 per
986 1038 1144 1080 litteras
1165 1053 1212 1082 ac

453 1091 620 1133 nuncios
660 1092 815 1134 concilii
853 1095 950 1134 sunt
993 1095 1123 1136 vocati
1170 1098 1210 1136 et

453 1149 784 1201 contempserunt
814 1150 959 1190 venire.
974 1151 996 1174 *
1005 1156 1018 1199 )

453 1203 542 1256 (12)
572 1204 631 1244 Ex
662 1205 723 1246 his
753 1205 878 1257 igitur
908 1207 1093 1248 omnibus
1124 1207 1208 1248 suf-

452 1259 633 1300 ficienter
646 1260 835 1302 instructi
856 1263 897 1302 et
928 1263 1096 1304 veritate
1113 1263 1207 1305 hinc

453 1315 545 1356 inde
575 1317 753 1369 plenarie
789 1317 1011 1368 declarata,
1050 1319 1207 1372 placuit

451 1372 669 1413 reverendo
720 1373 906 1423 concilio,
965 1378 1012 1415 ut
1066 1376 1204 1417 electio

452 1427 589 1468 domni
633 1428 827 1478 Victoris,
879 1430 949 1482 qui
992 1432 1204 1484 tamquam

452 1495 581 1535 agnus
633 1487 873 1526 mansuetus
929 1490 969 1527 et
1011 1487 1203 1528 innocens

450 1547 616 1581 venerat
633 1541 847 1582 aecclesiae
863 1542 1057 1583 iudicium
1068 1544 1204 1585 humi—

449 1595 541 1637 liter
585 1599 869 1650 suscepturus,
914 1600 1204 1652 approbaretur

450 1653 490 1692 et
519 1653 847 1703 confirmaretur,
883 1657 923 1695 et
953 1655 1092 1697 electio
1121 1656 1202 1698 Ro-

448 1708 558 1749 landi
568 1709 731 1762 penitus
739 1711 977 1752 cassaretur.
986 1711 1040 1752 Et
1047 1711 1200 1753 factum

449 1766 512 1805 est
539 1765 609 1806 ita.

446 1820 535 1873 (13)
556 1821 764 1863 Electione
786 1822 925 1875 itaque
947 1823 1086 1864 domni
1106 1824 1200 1865 Vic-

446 1877 556 1926 toris,
572 1879 726 1919 remoto
737 1878 847 1919 omni
857 1879 1030 1920 seculari
1041 1880 1198 1930 indicio,

447 1933 576 1974 sancti
618 1933 793 1987 Spiritus
833 1935 964 1987 gratia
1001 1937 1198 1985 invocata,

446 1989 688 2045 confirmata
700 1993 741 2031 et
756 1993 928 2044 recepta,
950 1992 1199 2034 christianis-

446 2046 574 2086 simus
595 2046 814 2099 imperator
833 2049 925 2100 post
945 2061 1084 2090 omnes
1115 2049 1198 2102 epi-

445 2114 585 2155 scopos
603 2106 644 2143 et
660 2104 752 2156 post
767 2115 930 2144 omnem
951 2104 1104 2145 clerum
1134 2105 1199 2145 ul-

444 2157 570 2198 timus
587 2159 751 2200 consilio
770 2162 810 2200 et
826 2159 1019 2212 petitione
1040 2161 1196 2202 concilii

445 2214 683 2255 electionem
704 2215 842 2256 domni
856 2215 1029 2257 Victoris
1045 2217 1196 2270 recepit

445 2272 486 2309 et
502 2271 746 2324 approbavit.
767 2271 821 2311 Et
835 2273 928 2324 post
943 2284 1037 2313 eum
1054 2285 1194 2314 omnes

443 2326 643 2380 principes
688 2329 729 2367 et
772 2327 1078 2369 innumerabilis
1122 2329 1193 2370 ho-

442 2382 600 2423 minum
625 2383 859 2433 multitudo,
891 2396 995 2436 quae
1024 2397 1193 2438 presens

490 2502 522 2544 *)
547 2503 625 2546 Vgl.
645 2503 707 2537 das
726 2502 1048 2538 Gesamtschreiben
1073 2504 1132 2538 der
1149 2506 1194 2539 25

443 2549 761 2583 alexandrinischen
768 2549 955 2584 Kardinale
965 2563 972 2584 :
983 2549 1055 2584 Nos
1066 2552 1191 2592 autem,

441 2595 523 2629 licet
547 2597 619 2629 tam
643 2595 824 2629 manifeste
845 2595 914 2629 iam
932 2596 1194 2641 praecipitasset

441 2641 514 2686 ipse
549 2642 767 2684 sententiam,
807 2653 849 2675 ne
888 2644 1005 2676 tamen
1047 2642 1192 2676 alicuius

441 2687 632 2722 videremur
657 2688 873 2731 arrogantiae
906 2688 1082 2732 arguendi,
1120 2690 1191 2722 tres

442 2733 483 2767 de
507 2734 673 2768 fratribus
697 2734 825 2768 nostris
850 2745 909 2779 per
934 2734 1068 2769 diversa
1086 2735 1191 2769 maris

440 2781 618 2825 terraeque
634 2780 786 2825 pericula
797 2780 820 2814 J
823 2791 948 2814 anuam
966 2781 1133 2823 misimus,
1151 2783 1192 2815 ut

441 2826 485 2859 ad
502 2826 753 2871 imperatorem,
778 2826 807 2860 si
825 2827 1046 2861 securitatem
1063 2827 1191 2861 habere

439 2874 588 2916 possent,
613 2874 733 2907 euntes
757 2883 872 2907 coram
896 2884 934 2907 eo
959 2875 995 2907 et
1019 2873 1187 2916 omnibus,

1257 426 1342 461 haec
1367 428 1481 462 omnia
1511 428 1709 473 Hen(ricus)
1738 433 1774 466 et
1790 431 1902 476 O(tto)
1931 445 2003 468 car-

1259 472 1384 507 dinalis
1401 474 1510 508 sancti
1527 475 1662 510 Nicolai
1686 477 1722 510 in
1747 488 1879 513 carcere
1895 478 2002 514 Tuni-

1259 520 1362 561 θυοδ),
1376 520 1434 564 qui
1450 522 1601 565 tempore
1618 523 1751 556 concilii
1769 526 1804 557 et
1818 526 1898 559 ante
1911 525 2001 569 apud

1257 564 1384 599 Ianuas
1395 567 1627 610 morabantur,
1652 571 1688 602 et
1699 569 1872 614 I(oannes)
1887 570 2003 615 Anag-

1256 610 1358 644 ninus
1383 614 1419 645 et
1432 612 1464 656 1(
1466 613 1606 656 oannes)
1620 614 1770 657 Pitutus,
1796 616 1855 660 qui
1879 627 1900 650 a
1923 616 2004 652 Rol-

1255 656 1359 690 lando
1378 658 1572 692 transmissi
1588 661 1671 694 tunc
1687 660 1778 703 apud
1790 661 2002 698 Placentiam

1254 703 1486 746 morabantur,
1511 715 1571 748 per
1587 708 1664 740 octe
1688 707 1866 741 continuos
1891 707 1964 742 dies
1981 720 2002 743 a

1255 750 1328 782 toto
1345 749 1485 784 concilio
1501 752 1585 784 sunt
1608 752 1778 796 expectati
1803 755 1839 787 et
1862 764 1922 797 per
1944 755 2002 789 lit-

1254 796 1346 828 teras
1379 797 1415 829 et
1442 797 1583 830 nuncios
1607 798 1740 831 concilii
1776 801 1858 833 sunt
1890 801 2001 835 vocati

1254 842 1290 873 et
1313 843 1566 876 contemserunt
1589 843 1702 877 venire
1713 845 1752 878 b).

1252 1212 1323 1252 (1¹2)
1347 1210 1398 1244 Ex
1413 1211 1469 1245 his
1486 1211 1594 1255 igitur
1612 1213 1710 1248 nobis
1726 1213 1935 1248 sufficienter
1949 1214 2000 1248 in·

1251 1257 1393 1291 structis
1418 1259 1454 1291 et
1470 1258 1615 1292 veritate
1639 1259 1720 1294 hinc
1743 1260 1823 1294 inde
1847 1259 1998 1304 plenarie

1251 1302 1473 1346 declaratae),
1499 1304 1630 1347 placuit
1646 1306 1827 1340 reverendo
1844 1306 1997 1349 concilio,
2015 1325 2018 1327 >

1250 1350 1290 1382 ut
1322 1349 1442 1384 electio
1468 1350 1596 1384 domini
1620 1351 1792 1395 Victoris,
1822 1352 1882 1397 qui
1911 1353 1998 1386 tam-

1249 1405 1351 1439 quam
1377 1407 1486 1439 agnus
1497 1397 1525 1430 d)
1555 1399 1755 1432 mansuetus
1777 1400 1814 1432 et
1836 1398 1997 1432 innocens

1248 1441 1410 1475 ecclesiae
1434 1442 1599 1476 iudicium
1623 1446 1764 1479 venerat
1787 1443 1995 1478 humilitere)

1249 1489 1490 1532 suscepturus,
1529 1490 1775 1533 approbaretur
1809 1491 1846 1524 et
1879 1489 1998 1525 confir-

1247 1535 1418 1576 maretur,
1448 1537 1484 1569 et
1518 1535 1638 1569 electio
1662 1535 1826 1570 Rollandi
1859 1536 1996 1580 penitus

1247 1582 1451 1615 cassaretur.
1499 1580 1546 1614 Et
1569 1581 1699 1616 factum
1723 1583 1778 1616 est
1799 1582 1862 1618 ita.

1244 1837 1316 1882 (13)
1341 1837 1515 1872 Electione
1538 1838 1657 1884 itaque
1677 1838 1807 1873 domini
1830 1839 1992 1883 Victoris,

1243 1886 1372 1918 remoto
1397 1885 1489 1918 omni
1514 1885 1680 1919 saeculari
1705 1885 1843 1928 iudicio,
1881 1886 1994 1921 sancti

1243 1929 1392 1975 Spiritus
1406 1931 1522 1974 gratia
1537 1931 1706 1974 invocata,
1731 1931 1935 1967 confirmata
1957 1934 1994 1967 et

1241 1978 1398 2021 recepta,
1453 1977 1762 2022 christianissimus
1806 1977 1994 2022 imperator

1241 2024 1357 2056 noster
1389 2025 1468 2067 post
1503 2034 1618 2058 omnes
1653 2023 1828 2068 episcopos
1852 2025 1890 2058 et
1913 2027 1992 2070 post

1241 2079 1374 2102 omnem
1399 2069 1526 2103 clerum
1549 2069 1693 2103 ultimus
1729 2080 1770 2104 ex
1793 2070 1933 2105 consilio
1956 2073 1993 2105 et

1239 2115 1405 2159 petitione
1445 2115 1580 2149 concilii
1622 2115 1821 2150 electionem
1861 2115 1990 2151 domini

1239 2160 1389 2195 Victoris
1406 2161 1535 2206 recepit
1551 2163 1587 2195 et
1603 2161 1814 2207 approbavit.
1842 2161 1888 2196 Et
1911 2165 1991 2208 post

1238 2217 1320 2287 {¹31¹ss
1341 2207 1992 2298 fflffiffiffiffigffiaqffimss

1239 2309 1316 2333 sens
1333 2301 1417 2342 erat,
1442 2299 1686 2343 interrogatas)
1710 2299 1822 2334 tribus
1846 2265 1990 2344 vicibus,

1239 2345 1268 2378 si
1292 2345 1324 2379 ei
1340 2345 1500 2390 placeret,
1537 2346 1714 2389 respondit
1737 2357 1815 2380 cum
1837 2346 1988 2390 gaudio:

1239 2391 1391 2433 ‚Placet¹.

1284 2506 1317 2547 a)
1342 2504 1441 2539 MD.:
1468 2505 1676 2539 cardinalem
1690 2533 1698 2540 .
1713 2533 1744 2541 ..
1767 2506 1987 2541 incarcerem

1236 2550 1352 2585 trusit.

1284 2597 1319 2638 b)
1344 2596 1466 2631 Dieser
1477 2597 1607 2631 Absatz
1635 2597 1723 2632 fehlt
1746 2598 1802 2632 bei
1821 2598 1863 2632 B.
1883 2609 1984 2642 ganz.

1286 2643 1317 2685 c)
1342 2642 1404 2678 Β.;
1442 2654 1481 2677 ex
1506 2643 1560 2677 his
1586 2643 1694 2688 igitur
1719 2644 1984 2679 auctoritafibus

1235 2690 1271 2722 et
1305 2688 1496 2723 rationibus
1527 2689 1671 2724 veritate
1702 2690 1784 2724 hinc
1814 2690 1894 2724 inde
1916 2690 1986 2736 ple-

1234 2734 1330 2768 narie
1355 2734 1540 2770 declarata.

1282 2780 1318 2826 d)
1344 2780 1388 2814 So
1412 2781 1472 2823 B.;
1499 2792 1529 2816 a.
1554 2781 1643 2816 fehlt
1666 2782 1721 2816 bei
1745 2781 1827 2818 MD.

1289 2830 1320 2869 e)
1345 2826 1433 2861 fehlt
1455 2827 1510 2861 bei
1534 2827 1615 2863 MD.

1290 2873 1319 2916 f)
1343 2873 1407 2907 Β.;
1436 2875 1471 2907 et
1495 2874 1718 2918 interrogata.
