2098 3432
404 323 459 363 20

405 435 477 482 est,
506 433 711 484 integrum
731 433 771 472 et
792 433 942 484 absque
965 431 1231 471 diminutione
1263 431 1385 482 atque
1406 430 1643 471 difficultate
1664 431 1800 484 aliqua
1818 431 1938 473 redu-

405 491 530 530 catur.
580 488 733 529 Salvo
755 489 925 528 tamen
947 499 1146 539 semper
1165 487 1215 526 in
1236 486 1469 526 omnibus
1500 486 1728 528 eiusdem
1758 489 1941 528 sancte

405 546 643 641 Iltiolrsnpunliiei
665 543 885 584 ecclesie
915 544 1027 583 iure
1049 554 1102 583 ac
1120 541 1460 595 proprietate.
1489 542 1644 583 Datum
1663 543 1852 584 Laterani
1873 542 1943 584 VI.

409 774 481 828 vn.
506 774 619 828 Brief
634 773 710 829 ΔΜ
729 773 963 828 Bernhards
978 788 1053 827 von
1073 773 1285 829 Glairvaux
1308 787 1360 828 an
1378 772 1522 827 Kaiser
1537 772 1689 827 bethar
1703 771 1768 827 ΙΙΙ.
1782 771 1940 837 1134.*)

734 858 879 901 (Μίςηο,
905 858 1099 901 Patrologie
1125 857 1252 892 Cursus
1278 857 1316 891 T.
1346 859 1421 899 182,
1446 867 1497 890 nr.
1526 857 1615 901 139.)

520 942 710 982 Lothario
740 942 816 982 Dei
847 942 977 994 gratia
995 942 1179 983 Romano
1208 941 1442 994 imperatori
1470 941 1668 992 Augusto,
1705 939 1939 981 Bernardus

409 998 530 1038 abbas
562 997 692 1038 dictus
723 997 771 1038 de
802 997 1065 1047 Clara-Valle,
1096 997 1130 1038 si
1160 997 1257 1049 quid
1285 998 1420 1050 potest
1447 995 1667 1049 peccatoris
1697 995 1834 1036 oratio.

519 1053 764 1093 Benedictus
808 1053 936 1101 Deus,
987 1053 1055 1105 qui
1101 1065 1171 1094 vos
1219 1052 1340 1104 elegit
1387 1054 1428 1092 et
1466 1051 1591 1092 erexit
1634 1063 1758 1092 cornu
1799 1050 1944 1092 salutis

408 1109 543 1157 nobis,
583 1108 633 1148 ad
661 1109 824 1149 laudem
855 1110 895 1149 et
925 1109 1094 1161 gloriam
1123 1108 1296 1150 nominis
1328 1108 1390 1148 sui
1421 1109 1462 1148 et
1490 1106 1760 1160 reparandum
1787 1106 1945 1160 imperii

409 1164 541 1212 decus,
573 1163 622 1204 ad
644 1164 964 1205 subveniendum
984 1165 1100 1205 Eccle
1123 1164 1186 1204 iae
1207 1176 1304 1204 suae
1324 1164 1366 1203 in
1387 1165 1567 1216 tempore
1595 1162 1714 1211 malo,
1742 1163 1945 1215 postremo

412 1220 461 1259 ad
492 1220 740 1272 operandum
771 1220 894 1260 etiam
922 1233 1031 1260 nunc
1061 1177 1235 1260 saiutem
1264 1220 1306 1259 in
1344 1219 1476 1259 medio
1520 1220 1662 1259 terrae.
1717 1217 1854 1271 Ipsius
1883 1218 1946 1258 est

411 1275 518 1315 enim
548 1288 667 1328 opus,
710 1275 816 1327 quod
846 1288 991 1317 corona
1020 1276 1168 1327 gloriae
1197 1277 1354 1316 vestrae
1383 1275 1441 1314 ita
1469 1274 1510 1314 in
1541 1274 1625 1314 dies
1655 1274 1874 1326 ampliatur
1903 1274 1944 1314 et

412 1331 672 1379 sublimatur,
708 1331 944 1372 mirabiliter
982 1344 1164 1372 crescens
1203 1344 1249 1372 ac
1284 1331 1494 1384 proficiens
1524 1330 1566 1369 in
1596 1329 1706 1370 omni
1735 1329 1875 1370 decore
1904 1330 1946 1370 et

410 1387 707 1437 magnificentia
737 1387 843 1440 apud
862 1388 997 1427 Deum
1027 1389 1067 1428 et
1086 1387 1280 1428 homines.
1328 1386 1462 1439 Ipsius
1482 1385 1659 1438 profecto
1687 1397 1817 1438 nuper
1845 1397 1945 1438 opus

410 1444 450 1482 et
479 1443 607 1482 virtus
637 1442 732 1491 fuit‚
770 1443 876 1494 quod
915 1443 993 1483 iter
1033 1443 1131 1484 satis
1169 1442 1414 1483 laboriosum
1453 1444 1494 1482 et
1530 1441 1835 1490 meticulosum,
1873 1452 1944 1494 pro

409 1510 504 1550 pace
535 1498 647 1549 regni
679 1500 719 1538 et
747 1499 950 1539 Ecclesiae
981 1499 1214 1539 liberatione
1246 1500 1499 1550 susceptum,
1530 1497 1571 1537 in
1601 1498 1718 1537 tanta
1746 1496 1948 1549 prosperi-

412 1555 494 1594 tate
531 1553 753 1606 peregistis.
768 1555 834 1607 **)
907 1555 1059 1595 Romae
1100 1554 1299 1606 siquidem
1336 1553 1554 1606 imperialis
1593 1552 1779 1593 culminis
1818 1551 1946 1605 pleni-

411 1609 594 1650 tudinem
623 1610 908 1661 gloriosissime
939 1611 1160 1659 assecutus,
1190 1610 1323 1662 idque,
1353 1609 1459 1661 quod
1478 1609 1611 1649 maius
1632 1607 1720 1657 fuit‚
1748 1608 1791 1648 in
1818 1619 1945 1648 manu

412 1678 491 1705 non
511 1677 669 1717 magna,
700 1668 747 1706 ut
777 1666 901 1706 animi
929 1666 1103 1718 fideique
1132 1665 1369 1718 magnitudo
1399 1665 1545 1706 clarius
1575 1664 1780 1705 emineret.
1828 1662 1945 1714 Quod

411 1721 445 1760 si
484 1722 577 1761 ante
616 1721 822 1761 tantillum
867 1721 1085 1762 exercitum
1123 1723 1233 1762 terra
1269 1720 1438 1762 tremuit
1481 1722 1523 1760 et
1560 1719 1731 1772 quievit,
1767 1720 1946 1772 quantus

412 1778 603 1828 putamus
633 1777 773 1817 horror
801 1777 981 1817 hostium
1010 1776 1128 1818 corda
1148 1776 1336 1817 invadere
1365 1776 1523 1825 habeat,
1553 1788 1647 1816 cum
1676 1774 1850 1828 coeperit
1878 1786 1947 1816 rex

411 1831 623 1884 procedere
661 1831 702 1871 in
739 1832 1019 1884 magnitudine
1060 1832 1212 1873 brachii
1251 1833 1341 1872 sui?
1398 1831 1606 1872 Animabit
1644 1831 1810 1884 insuper
1847 1830 1948 1871 hon-

411 1888 529 1927 nesta
582 1892 761 1935 causam
813 1888 894 1929 imo
948 1888 1094 1941 duplex
1135 1888 1366 1941 provocabit
1408 1886 1640 1928 necessitas.
1712 1886 1821 1927 Non
1865 1887 1948 1926 est

410 1955 570 1982 meum
600 1943 801 1983 hortari
832 1944 891 1984 ad
919 1956 1167 1997 pugnam;
1199 1945 1278 1984 est
1306 1945 1477 1984 tamen
1507 1967 1561 1972 —
1591 1954 1757 1983 securus
1787 1941 1873 1982 dico
1895 1965 1947 1970 —

413 1998 654 2038 advocati
693 1999 964 2040 Ecclesiae
1002 2011 1183 2040 arcere
1222 2000 1280 2040 ab
1310 1999 1576 2039 Ecclesiae
1606 1997 1947 2038 infestatione
1988 2045 1991 2047 ‚

412 2054 873 2095 schismaticorum
911 2055 1126 2103 rabiem3
1167 2057 1246 2096 est
1277 2054 1522 2096 Caesaris
1551 2053 1811 2107 propriam
1840 2053 1949 2094 vin-

412 2110 582 2150 dicare
622 2122 859 2151 coronam
890 2111 948 2151 ab
978 2113 1296 2163 usurpatore
1328 2110 1516 2151 Siculo.
1574 2110 1643 2151 Ut
1672 2109 1804 2150 enim
1835 2121 1948 2150 con-

412 2167 520 2206 stat
561 2165 824 2206 Iudaicam
869 2167 1203 2219 subolem***)
1249 2166 1421 2207 sedem
1470 2165 1613 2206 Petri
1655 2165 1702 2205 in
1747 2164 1948 2206 Christi

412 2233 699 2274 occupasse
744 2222 982 2270 inuriam;
1027 2223 1099 2263 sic
1135 2223 1312 2275 procul
1351 2221 1503 2262 dubio
1546 2221 1721 2270 omnis,
1766 2221 1854 2273 qui
1897 2220 1947 2260 in

414 2276 603 2317 Sicilia
631 2289 799 2328 regem
829 2291 880 2318 se
910 2278 1059 2327 facit,
1091 2277 1418 2319 contradicit
1447 2277 1666 2318 Caesari.

527 2331 569 2373 Si
591 2334 727 2373 autem
752 2335 972 2386 utrumque
1002 2333 1200 2374 incumbit
1220 2333 1392 2381 Caesari,
1421 2333 1635 2373 restituere
1665 2331 1817 2372 scilicet
1845 2343 1948 2384 quae

414 2389 510 2428 sunt
540 2387 722 2428 Caesaris
753 2389 932 2438 Caesari,
972 2394 1012 2429 et
1042 2402 1145 2441 quae
1176 2391 1272 2430 sunt
1299 2389 1375 2429 Dei
1404 2389 1508 2437 Deo,
1550 2401 1621 2429 cur
1650 2387 1755 2441 apud
1786 2387 1950 2428 Tullum

413 2456 477 2484 res
516 2443 591 2484 Dei
632 2444 847 2494 minuitur,
892 2457 986 2486 cum
1025 2445 1173 2486 Caesar
1209 2445 1311 2485 nihil
1348 2444 1403 2484 ibi
1441 2444 1651 2485 lucretur?
1716 2443 1950 2484 Verendum

506 2570 537 2608 a)
569 2567 737 2602 Mabillon
775 2567 927 2602 schreibt
958 2567 1120 2601 honestas
1154 2578 1286 2601 causae.
1334 2566 1488 2610 M'oglich
1523 2565 1571 2599 ist
1603 2565 1691 2599 auch
1723 2565 1778 2599 die
1810 2565 1952 2599 Leseart

413 2613 576 2648 honestae
596 2624 739 2659 pausae.

531 2659 562 2703 *)
587 2660 679 2694 Uber
705 2659 769 2693 den
794 2659 842 2694 hl.
860 2659 1039 2692 Bernhard
1064 2671 1093 2693 v.
1112 2658 1292 2694 Clairvaux
1318 2669 1344 2692 s.
1370 2658 1478 2691 neben
1505 2657 1564 2691 der
1588 2657 1718 2691 alteren
1737 2656 1946 2701 Biographie

415 2717 444 2739 v.
470 2705 630 2739 Neander
655 2705 709 2739 die
735 2705 883 2739 Schrift:
907 2705 1039 2746 Hfflfer,
1066 2705 1125 2738 der
1149 2705 1196 2738 hl.
1223 2704 1401 2738 Bcrnhard
1428 2716 1456 2737 v.
1482 2703 1674 2745 Clairvaux,
1696 2703 1727 2736 1.
1746 2701 1809 2737 Bd
1839 2704 1946 2743 18863

413 2750 528 2793 Thiel,
562 2751 627 2785 Die
651 2752 747 2796 polit.
780 2751 841 2784 Th
835 2751 906 2794 iti
896 2751 982 2784 rkeit
1015 2751 1074 2784 des
1104 2751 1214 2784 Abtes
1244 2750 1422 2784 Bernliaid
1455 2761 1485 2783 v,
1519 2749 1717 2791 Clairvaux3
1756 2747 1947 2789 Chevalier,

411 2797 505 2831 Hist.
533 2797 574 2830 de
597 2797 647 2831 St.
666 2797 838 2839 Bernard;
863 2797 1080 2838 Vacandard,
1107 2796 1156 2830 St.
1175 2796 1264 2830 Bern
1268 2796 1346 2830 ard·
1355 2798 1390 2829 ot
1414 2796 1445 2829 le
1470 2795 1618 2828 s‹h1sme
1636 2794 1817 2828 d’Anaclet
1832 2793 1878 2827 ΙΙ
1905 2805 1947 2828 cn

410 2842 523 2876 Italic.
556 2843 634 2886 Vgl.
653 2843 741 2877 auch
756 2842 912 2884 Nitzsch,
938 2842 1046 2877 Stans.
1065 2824 1220 2884 Studien,
1254 2842 1299 2886 Sy
1300 2842 1373 2876 bels
1390 2842 1483 2875 Hist.
1501 2841 1665 2876 Zeitschr.
1683 2840 1748 2883 ΙΙΙ,
1773 2840 1808 2874 S.
1826 2842 1895 2874 328
1914 2839 1948 2873 ff.

414 2888 467 2932 **)
498 2892 526 2923 1.
551 2888 742 2933 Romerzug
765 2889 912 2923 Lothars
940 2891 1129 2923 1132—33.
1180 2888 1217 2907 ²¹²*
1222 2888 1252 2930 *)
1276 2887 1427 2922 Anaklet
1449 2886 1495 2921 11.

2080 1656 2098 1844 i

2079 1853 2098 1923 ἕ
