2098 3432
471 299 524 340 36

587 409 726 450 Sermo
771 408 872 449 mihi
922 409 984 449 est
1021 407 1071 448 ad
1108 409 1165 457 16,
1202 408 1349 461 11011316
1387 408 1571 449 sublimis
1606 408 1648 448 et
1683 406 1872 456 iHustris,
1911 419 2004 449 cum
2073 434 2076 439 -

472 466 549 506 sim
587 466 676 506 vilis
719 464 942 516 exiguaque
971 476 1143 516 persona
1172 476 1218 504 ac
1246 463 1397 504 nullius
1426 476 1528 516 pene
1556 462 1751 504 momenti
1779 462 2005 504 homuncio.

470 522 516 562 Id
548 522 711 573 quidem
740 519 1013 560 verecundum
1043 522 1165 572 atque
1198 531 1413 560 onerosum
1441 519 1542 559 mihi
1577 518 1864 567 consideranti,
1901 519 2004 571 (1318,

470 578 616 630 quibus
647 577 836 624 scribam,
878 576 1079 627 simulque
1111 587 1235 627 quarn
1265 575 1381 616 aliter
1418 575 1495 616 hoc
1528 575 1631 616 alius
1659 574 1836 616 iudicare
1866 574 2003 628 possit.

472 634 551 674 Sed
590 633 719 673 levius
748 644 837 672 reor
876 631 1115 672 verecundia
1145 631 1252 684 apud
1280 631 1463 672 homines
1494 630 1731 684 periclitari,
1761 642 1885 683 quam
1914 643 2006 671 con-

476 689 657 730 demnari
697 688 801 741 apud
838 687 971 727 Deum
1011 687 1186 736 silentio,
1230 687 1313 728 veri
1356 687 1633 728 taciturnitate
1670 688 1712 727 et
1748 685 2005 728 absconsione

472 745 662 785 iustitiae.
719 744 812 796 Ipse
842 742 950 783 enim
980 743 1098 783 dicit:
1136 742 1346 783 Annuntia
1380 743 1525 796 populo
1561 755 1651 784 meo
1690 742 1841 783 scelera
1869 754 2008 784 601313

473 801 566 854 (183.
606 800 756 848 LVIII,
798 799 847 852 1).
915 799 1003 838 Erit
1040 799 1139 838 mihi
1180 799 1303 840 etiam
1338 799 1380 839 in
1420 799 1700 840 testimonium
1738 800 1831 839 ante
1867 797 2012 839 faciem

473 856 653 905 Domini,
684 855 718 895 si
747 855 877 895 dicere
906 856 1064 907 potero:
1106 855 1311 895 Iustitiam
1348 856 1465 895 tuam
1493 867 1573 896 non
1604 853 1794 895 abscondi
1821 854 1864 894 in
1893 854 2009 896 corde

474 925 574 961 meo,
604 912 818 952 veritatem
846 912 961 950 tuam
992 912 1033 951 et
1063 911 1239 951 salutare
1269 913 1388 951 tuum
1418 911 1498 950 dixi
1528 911 1682 964 (Psalm
1710 910 1896 959 XXXIX,
1930 909 2009 963 11).

472 969 551 1009 Pro
590 966 820 1008 huiusmodi
855 979 951 1007 sane
986 979 1067 1007 non
1106 979 1253 1016 vereor,
1285 966 1468 1019 quamvis
1506 965 1746 1007 verecundia
1773 966 2008 1016 reluctante,

473 1037 544 1078 pro
574 1036 666 1064 11163
694 1022 944 1074 ignobilitate
976 1023 1147 1063 scribere
1177 1023 1226 1064 de
1255 1022 1474 1085 longinquo
1496 1022 1546 1063 ad
1565 1022 1760 1076 populum
1790 997 2009 1075 gloriosuni

476 1082 597 1132 atque
618 1079 680 1120 his
703 1078 850 1119 litteris
880 1079 1198 1119 transmontanis
1228 1079 1291 1119 sui
1320 1079 1499 1131 ipsorum
1521 1078 1687 1132 periculi
1706 1079 1828 1131 atque
1855 1078 2010 1132 11600311

477 1147 746 1177 commonere
768 1135 991 1184 Romanos,
1032 1135 1066 1175 si
1103 1134 1204 1176 forte
1245 1134 1411 1175 audiant
1449 1137 1490 1175 61
1519 1135 1739 1187 quiescant.
1796 1133 1897 1185 Quis
1926 1134 2010 1184 8011,

475 1192 509 1232 81
539 1192 824 1232 convertantur
855 1190 905 1231 ad
933 1203 1094 1244 precem
1123 1191 1331 1244 pauperis,
1376 1191 1445 1243 qui
1488 1203 1569 1231 non
1598 1190 1748 1232 cedunt
1783 1165 2011 1244 potentiuni

476 1248 607 1297 minis,
636 1259 717 1288 non
747 1246 857 1287 omni
887 1249 1116 1287 armaturae
1145 1247 1342 1288 fortium?
1399 1247 1543 1288 Nonne
1573 1246 1779 1299 quondam
1806 1246 1848 1287 in
1876 1246 2011 1299 Baby-

474 1305 566 1344 lone
611 1303 662 1343 ad
705 1314 844 1343 vocem
886 1303 999 1355 pueri
1042 1303 1209 1344 iunioris
1253 1303 1374 1343 11111118
1418 1303 1548 1344 omnis
1592 1303 1659 1343 ille
1702 1302 1896 1356 populus,
1940 1302 2010 1355 qui

476 1372 499 1400 a
543 1359 727 1400 sensibus
771 1358 919 1410 iniquis
962 1358 1161 1399 iudicibus
1206 1358 1397 1399 seductus
1442 1358 1594 1406 fuerat,
1635 1370 1820 1400 reversus
1856 1360 1919 1400 est
1960 1358 2011 1399 ad

476 1415 680 1464 iudicium,
721 1415 761 1454 et
790 1414 847 1454 810
886 1416 1068 1456 servatus
1107 1416 1170 1455 est
1206 1414 1370 1467 sanguis
1408 1415 1593 1456 innoxius
1631 1414 1673 1455 in
1702 1414 1766 1455 die
1794 1414 1891 1455 illa?
1946 1413 2011 1455 Ita

475 1483 585 1511 nunc
614 1482 794 1523 quoque,
829 1470 905 1511 etsi
945 1470 1274 1512 adulescentulus
1313 1483 1405 1511 sum
1435 1483 1508 1523 ego
1538 1472 1579 1511 61
1608 1471 1866 1524 contemptus
1894 1469 2010 1524 (adu-

476 1527 724 1568 lescentulus
761 1525 864 1575 dico,
908 1539 988 1567 non
1027 1539 1224 1568 annorum
1262 1527 1483 1580 paucitate,
1521 1526 1591 1568 sed
1629 1526 1900 1580 meritorum),
1943 1538 2013 1580 po-

482 1584 572 1623 tens
623 1584 684 1623 est
727 1583 865 1622 tamen
909 1582 1020 1623 Deus
1065 1583 1159 1624 dare
1204 1583 1327 1623 etiam
1370 1583 1455 1624 voci
1497 1595 1612 1624 meae
1655 1595 1795 1624 vocem
1836 1581 2011 1631 virtutis,

481 1651 553 1692 per
596 1651 720 1691 quam
762 1638 852 1687 fiat,
896 1640 942 1678 ut
986 1640 1026 1679 61
1067 1639 1102 1679 18
1145 1639 1335 1692 populus,
1384 1651 1506 1691 quem
1549 1638 1810 1681 nihilominus
1852 1639 2011 1680 constat

482 1707 570 1736 esse
600 1695 833 1743 seductum,
872 1694 922 1734 ad
958 1694 1152 1736 iudicium
1189 1696 1426 1736 revertatur.
1483 1695 1576 1736 Mea
1615 1707 1709 1748 ergo
1746 1693 1924 1736 defensio
1958 1694 2008 1735 ad

480 1763 566 1799 eos,
613 1750 682 1802 qui
725 1749 824 1790 mihi
869 1750 963 1791 hinc
1005 1751 1106 1791 forte
1151 1751 1470 1792 succensendum
1512 1750 1854 1804 indignandumve
1891 1751 2010 1804 puta-

479 1807 619 1855 verint,
648 1807 748 1847 haec
777 1806 840 1846 811.

594 1862 637 1903 Si
682 1874 814 1914 neque
856 1862 932 1903 1100
977 1862 1076 1903 83118
1115 1865 1192 1912 681,
1241 1862 1364 1903 etiam
1403 1863 1513 1903 istud
1557 1863 1708 1905 adiicio.
1773 1862 2008 1904 Communis

483 1920 544 1959 est
579 1930 720 1967 causa,
760 1918 800 1958 et
834 1931 915 1959 non
954 1920 1016 1959 est
1045 1918 1247 1960 distinctio
1275 1918 1413 1972 pusilli
1441 1921 1482 1960 et
1511 1920 1658 1972 magni.
1715 1919 1840 1960 Dolor
1866 1931 2010 1972 nempe

481 1975 522 2015 in
561 1974 689 2027 capite
721 1975 800 2022 681,
841 1987 887 2015 30
921 1987 993 2028 per
1020 1975 1096 2015 11οο
1125 1975 1289 2016 minime
1320 1974 1476 2016 alienus
1505 1988 1556 2016 ne
1587 1988 1611 2016 a
1638 1975 1817 2017 minimis
1848 1974 2011 2028 quidem

480 2031 543 2071 vel
574 2030 763 2071 extremis
795 2030 1022 2083 quibusque
1053 2032 1227 2084 corporis
1255 2031 1449 2093 partibus.
1497 2032 1583 2072 Nec
1613 2044 1637 2072 a
1665 2043 1730 2073 me
1761 2043 1866 2084 ergo
1913 2030 2010 2072 Per-

480 2086 590 2127 16311
628 2086 804 2139 profecto
840 2099 970 2148 usque
1001 2086 1052 2126 ad
1081 2100 1165 2136 me,
1203 2087 1388 2140 quamvis
1419 2088 1602 2128 omnium
1630 2088 1863 2137 minimum,
1901 2087 2011 2128 dolor

481 2143 682 2183 maximus
718 2142 816 2192 iste,
863 2143 958 2194 (1313
995 2143 1195 2184 maximus
1226 2145 1288 2184 est
1324 2145 1365 2183 et
1395 2144 1499 2196 quia,
1529 2157 1622 2184 0313
1652 2144 1706 2184 811
1734 2143 1896 2197 03111118,
1931 2155 2011 2184 11011

481 2202 614 2251 potest
642 2211 722 2238 non
753 2211 839 2239 esse
870 2200 911 2239 et
940 2199 1126 2252 corporis,
1157 2199 1270 2240 cuius
1299 2201 1529 2240 membrum
1559 2212 1651 2240 sum
1681 2212 1764 2252 ego.
1801 2198 2009 2251 Numquid

482 2267 562 2295 non
592 2254 750 2295 dolente
790 2254 918 2307 capite
949 2255 1098 2296 01311131
1126 2255 1266 2307 lingua
1293 2268 1364 2317 pro
1394 2256 1579 2296 omnibus
1609 2255 1782 2309 corporis
1810 2254 2012 2305 membris,

482 2310 523 2350 in
562 2310 690 2363 capite
722 2323 763 2350 se
795 2310 927 2351 dolere
976 2312 1016 2352 et
1055 2311 1189 2352 omnia
1217 2323 1289 2364 per
1318 2311 1453 2363 ipsum
1482 2325 1604 2352 suum
1633 2313 1775 2365 caput,
1810 2323 2012 2363 suumque

483 2366 624 2419 03111118
645 2366 824 2407 fatentur
852 2367 1180 2408 incommodum?
1211 2367 1415 2408 Dimittite
1436 2367 1611 2421 proinde,
1641 2380 1790 2420 quaeso
1811 2367 2013 2416 dimittite,

483 2423 530 2462 ut
558 2423 750 2475 plangam
779 2423 992 2476 paululum
1022 2423 1128 2476 apud
1157 2435 1227 2464 vos
1257 2423 1435 2464 dolorem
1464 2437 1623 2473 meum,
1653 2436 1727 2464 nec
1755 2435 1894 2464 meum
1922 2424 2012 2464 tan-

482 2480 590 2526 tum,
630 2478 699 2519 sed
743 2480 783 2518 et
822 2479 946 2519 totius
976 2479 1188 2520 Ecclesiae.
1246 2479 1389 2520 Nonne
1424 2479 1551 2532 ipsius
1590 2492 1664 2520 vox
1703 2481 1765 2521 est
1797 2478 1914 2520 hodie
1943 2491 2015 2532 per

483 2534 719 2574 universum
758 2535 981 2575 mundum:
1027 2535 1161 2588 Caput
1197 2547 1335 2575 meum
1373 2535 1510 2585 doleo,
1547 2538 1670 2589 caput
1704 2547 1843 2576 meum
1871 2535 2014 2576 doleo?

484 2589 584 2640 Quis
614 2602 791 2643 namque
822 2591 885 2631 vel
914 2591 1158 2632 novissimus
1188 2590 1510 2633 Christianorum
1539 2591 1581 2632 in
1613 2593 1698 2633 toto
1727 2591 1781 2633 sit
1809 2591 1914 2640 orbe,
1945 2591 2014 2643 qui

484 2734 536 2767 ins
560 2733 592 2767 J.
622 2735 729 2776 1145,
755 2732 915 2767 wahrend
939 2732 1056 2775 Migne
1081 2732 1142 2765 das
1166 2732 1198 2766 J.
1228 2734 1315 2766 1146
1342 2732 1519 2766 annimmt.
1568 2731 1686 2776 Eugen
1711 2731 1774 2766 111.
1800 2730 1868 2765 floh
1893 2731 1929 2765 in
1955 2730 2014 2764 der

483 2779 599 2813 Naeht
625 2790 699 2813 vom
727 2779 851 2824 16.[17.
870 2778 1022 2812 Februar
1046 2790 1078 2812 u.
1105 2778 1223 2812 kehrte
1249 2789 1303 2812 am
1329 2780 1382 2812 23.
1401 2778 1481 2812 Dez.
1507 2778 1595 2812 nach
1618 2778 1706 2812 Rom
1730 2777 1873 2819 zurtick;
1899 2777 1935 2811 in
1959 2777 2014 2810 die

483 2826 724 2859 Zwischenzeit
747 2825 851 2859 fallen
876 2836 995 2858 unsere
1010 2825 1132 2859 Briefe.
1173 2824 1244 2857 Das
1269 2824 1453 2859 Sohreiben
1478 2835 1521 2857 an
1546 2824 1611 2858 den
1634 2823 1747 2867 Konig
1770 2823 1819 2859 ist
1841 2822 2015 2859 vielleicht

483 2871 700 2916 gleichzeitig
732 2872 797 2906 mit
829 2871 888 2905 der
919 2871 1042 2916 papstl.
1070 2870 1348 2914 Gesandtschaft,
1381 2870 1454 2905 Juli
1483 2873 1579 2905 1145.
