2098 3432
431 325 511 364 142

430 436 592 476 ecclesie
641 437 757 476 tanta
805 435 968 476 vesania
997 448 1194 489 umquam
1223 435 1346 478 fuerit
1375 449 1399 478 a
1428 437 1608 490 quolibet
1637 438 1862 481 scismatico
1899 438 1964 482 vel

429 492 603 533 heretico
636 493 888 544 attemptata.

538 548 700 588 Fratres
743 560 836 588 vero
866 547 1021 589 facinus
1051 550 1137 588 tam
1171 549 1403 590 inmensum
1434 552 1474 590 et
1504 562 1528 590 a
1557 550 1703 591 seculis
1733 550 1964 591 inauditum

429 616 475 644 ex
513 603 715 656 insperato
745 603 927 644 videntes
965 606 1005 644 et
1042 604 1316 654 formidantes,
1346 618 1397 646 ne
1428 618 1452 646 a
1481 606 1738 647 conductitiis
1767 606 1964 647 militibus

427 661 730 708 truncarentur,
770 671 857 700 sese
895 660 938 700 in
976 660 1247 702 municionem
1278 661 1443 702 ecclesie
1473 662 1684 703 nobiscum
1719 662 1871 715 pariter
1899 674 1962 703 re-

428 717 631 768 ceperunt,
662 715 797 768 ibique
825 728 971 756 novem
1001 716 1141 757 diebus
1180 717 1392 766 continuis,
1422 730 1473 758 ne
1503 717 1596 758 inde
1628 718 1838 767 exiremus,
1867 717 1962 759 fecit

426 784 498 812 nos
521 771 775 824 quorundam
791 773 1024 812 senatorum
1041 784 1220 821 assensu,
1257 786 1356 825 quos
1377 773 1555 826 pecunia,
1567 774 1702 814 oblata
1721 775 1965 827 corruperat,

429 828 491 869 die
521 831 724 880 noctuque
755 831 913 868 armata
940 840 1067 868 manu
1097 841 1190 869 cum
1219 830 1329 870 omni
1359 829 1569 882 diligentia
1599 830 1801 871 custodiri.
1856 829 1962 871 Sane

404 881 575 937 'populo
606 884 853 925 incessanter
883 885 924 924 et
950 884 1100 936 iugiter
1128 885 1376 926 acclamante
1409 887 1449 926 et
1470 885 1511 925 in
1534 887 1738 927 senatores
1757 898 1829 939 pro
1852 886 1966 926 tanta

428 940 636 993 impietate
673 940 806 980 multa
842 939 1096 980 immanitate
1134 940 1341 990 fremente,
1382 941 1430 982 de
1463 941 1647 982 custodia
1674 941 1826 982 fuimus
1855 941 1964 982 illius

427 996 663 1036 munitionis
702 996 839 1048 erepti,
886 996 957 1037 sed
995 996 1036 1036 in
1077 997 1236 1038 arctiori
1273 1001 1314 1037 et
1342 998 1487 1039 tuciori
1515 997 1600 1038 loco
1644 999 1758 1038 trans
1786 997 1966 1038 Tiberim

427 1065 499 1093 nos
528 1052 636 1092 idem
666 1055 891 1099 senatores,
934 1054 1096 1105 recepta
1139 1053 1232 1093 inde
1261 1053 1442 1106 pecunia,
1487 1055 1722 1106 posuerunt.
1781 1052 1966 1106 Cumque

427 1121 583 1149 moram
611 1108 665 1149 ibi
694 1108 819 1148 ferme
848 1120 920 1161 per
949 1108 1131 1149 triduum
1147 1108 1391 1159 fecissemus,
1422 1109 1609 1150 universo
1639 1109 1786 1163 populo
1806 1110 1966 1150 tantam

427 1164 703 1218 proditionem,
752 1166 875 1216 atque
927 1164 1130 1205 maliciam
1182 1165 1230 1206 de
1275 1167 1406 1206 cetero
1449 1165 1684 1206 nullatenus
1727 1165 1966 1214 sustinente,

429 1223 633 1262 senatores
663 1233 758 1261 cum
786 1220 986 1261 nobilibus
1017 1223 1057 1261 et
1077 1221 1224 1274 populo
1251 1222 1469 1270 venientes,
1489 1234 1563 1262 nos
1584 1222 1624 1262 et
1643 1220 1788 1262 fratres
1807 1222 1966 1262 nostros

428 1289 499 1330 per
544 1277 698 1318 Urbem
741 1276 951 1328 magnifice
997 1278 1037 1317 et
1081 1277 1294 1318 honorifice
1340 1290 1433 1318 cum
1474 1277 1670 1318 inmensis
1706 1277 1895 1318 laudibus
1925 1278 1966 1318 et

426 1332 636 1386 preconiis,
680 1332 886 1385 campanis
917 1332 1037 1373 etiam
1067 1333 1109 1372 in
1138 1333 1314 1373 transitu
1342 1335 1480 1374 nostro
1509 1333 1661 1385 ubique
1697 1332 1966 1387 pulsantibus,

428 1389 717 1430 conduxerunt.
775 1389 828 1428 Et
870 1388 926 1429 sic
970 1388 1135 1429 tandem
1165 1401 1189 1429 a
1218 1389 1407 1430 violentia
1439 1389 1714 1442 persequentis
1759 1389 1885 1442 erepti
1925 1390 1966 1430 et

429 1447 566 1486 nostre
610 1444 756 1485 redditi
784 1444 973 1493 libertati,
1020 1446 1204 1497 sequenti
1236 1445 1300 1486 die
1332 1445 1528 1486 dominico
1567 1444 1863 1486 venerabilibus
1888 1444 1969 1486 fra-

429 1502 558 1542 tribus
588 1501 737 1542 nostris
759 1500 986 1553 G(regorio)
1009 1500 1231 1550 Sabinensi‚
1260 1501 1450 1542 Hubaldo
1470 1501 1690 1546 Hostiensi,
1719 1500 1964 1553 B(ernardo)

428 1557 654 1606 Portuensi‚
693 1557 872 1597 Waltero
917 1557 1147 1605 Albanensi,
1192 1557 1407 1610 I(0hanne)
1454 1557 1620 1610 Signino
1651 1559 1691 1598 et
1724 1556 1966 1611 B(ernardo)

429 1613 707 1654 Terracinensi
737 1612 943 1666 episcopis,
973 1613 1243 1654 cardinalibus
1266 1625 1426 1666 quoque
1447 1617 1487 1654 et
1504 1612 1728 1663 abbatibus,
1756 1612 1969 1667 prioribus,

429 1669 641 1718 iudicibus,
687 1668 901 1718 advocatis,
948 1669 1176 1718 scriniariis,
1225 1669 1452 1722 primicerio
1492 1671 1533 1710 et
1572 1669 1709 1710 schola
1745 1670 1968 1718 cantorum,

430 1726 633 1766 nobilibus
664 1725 787 1766 etiam
817 1728 857 1765 et
888 1724 1064 1777 quadam
1083 1727 1198 1778 parte
1220 1726 1268 1766 de
1288 1726 1436 1779 populo
1456 1725 1579 1767 Urbis
1601 1724 1710 1779 apud
1733 1724 1966 1778 Nimpham,

432 1795 513 1823 non
550 1782 669 1834 longe
709 1781 758 1821 ab
787 1781 918 1827 Urbe,
958 1780 1124 1822 insimul
1162 1781 1430 1834 congregatis,
1467 1794 1618 1822 munus
1657 1780 1968 1822 consecrationis

432 1838 659 1891 accepimus
690 1840 740 1886 et,
771 1837 876 1878 sicut
904 1837 946 1877 in
976 1837 1161 1878 Romana
1191 1838 1358 1878 ecclesia
1387 1837 1688 1879 consuetudinis
1718 1838 1791 1887 est,
1819 1836 1968 1878 ibidem

430 1894 650 1948 pontificali
679 1906 802 1946 regno
831 1893 1043 1945 magnifice
1073 1893 1225 1935 fuimus
1256 1906 1302 1935 ac
1331 1893 1606 1947 sollempniter
1635 1893 1814 1934 coronati
1825 1892 1877 1946 *).

544 1950 734 1991 Ceterum
791 1949 996 2002 predictus
1055 1949 1300 1990 Octavianus
1317 1981 1326 1999 ,
1388 1963 1481 1991 cum
1523 1962 1595 2003 pro
1659 1949 1968 1998 consecratione,

432 2007 556 2048 immo
579 2005 827 2047 execratione
858 2018 942 2055 sua,
973 2005 1071 2046 dum
1093 2008 1132 2046 et
1161 2006 1203 2046 in
1222 2006 1332 2048 Urbe
1350 2008 1458 2047 esset
1487 2008 1529 2056 et
1556 2007 1776 2059 postquam
1795 2005 1971 2046 latenter

433 2063 554 2104 exivit
582 2062 748 2110 Urbem,
777 2062 929 2102 multos
951 2062 1156 2115 episcopos
1178 2063 1447 2111 convocasset,
1476 2062 1638 2102 nullum
1665 2064 1800 2114 preter
1829 2073 1969 2110 unum,

431 2119 760 2160 Ferentinantem
786 2117 978 2166 videlicet,
1001 2119 1147 2159 habere
1163 2118 1297 2172 potuit
1320 2130 1392 2171 pro
1412 2130 1487 2159 sua
1501 2117 1731 2158 temeritate
1746 2119 1787 2158 et
1805 2116 1971 2158 vesania

432 2174 715 2216 confirmanda.
774 2173 983 2224 Quosdam
1011 2176 1150 2215 tamen
1170 2175 1376 2227 episcopos
1391 2173 1666 2227 imperialibus
1685 2173 1818 2222 minis,
1849 2185 1969 2225 quos-

432 2232 525 2272 dam
555 2230 747 2272 violentia
775 2230 920 2279 laicali,
952 2230 1149 2282 quosdam
1179 2243 1271 2271 vero
1295 2230 1498 2283 peccuniis
1519 2232 1559 2270 et
1579 2229 1789 2271 blandiciis
1810 2228 1968 2270 allicere

432 2287 569 2336 voluit,
605 2286 676 2328 sed
690 2286 824 2335 nichil,
860 2286 1035 2327 Domino
1064 2286 1320 2339 impediente,
1349 2286 1527 2340 profecit.
1585 2285 1703 2327 Unde
1732 2297 1808 2327 nec
1837 2284 1970 2326 adhuc

431 2343 610 2385 invenire
639 2344 784 2396 potest,
814 2342 908 2383 licet
935 2342 1065 2383 modis
1096 2342 1282 2383 omnibus
1315 2342 1503 2391 enitatur,
1544 2342 1614 2394 qui
1653 2341 1690 2382 ei
1724 2353 1871 2382 manus
1902 2353 1968 2382 ex-

433 2399 645 2441 ecrationis
673 2399 855 2452 imponat
899 2400 940 2439 et
969 2411 1011 2439 se
1041 2400 1153 2439 tante
1197 2398 1319 2439 faciat
1347 2397 1662 2451 presumptionis
1693 2398 1734 2438 et
1764 2398 1969 2438 auctorem

432 2455 737 2510 impietatis.**)
766 2454 920 2495 Verum
935 2455 1150 2495 memorati
1169 2454 1404 2507 I(0hannes)
1426 2457 1466 2495 et
1487 2453 1654 2507 G(uido)
1669 2453 1847 2494 cecitatis
1859 2455 1972 2494 tene-

433 2513 515 2553 bris
555 2511 742 2560 obvoluti,
790 2510 982 2563 quoniam
1018 2510 1215 2564 scriptum
1253 2514 1335 2551 est:
1377 2510 1580 2559 ,Peccator
1611 2522 1704 2551 cum
1738 2509 1894 2551 venerit
1922 2508 1965 2549 in

432 2568 678 2622 profundum
698 2567 902 2616 viciorum,
918 2568 1198 2620 contempnet‘,
1218 2579 1291 2608 nec
1308 2567 1364 2607 sic
1381 2579 1404 2607 a
1419 2578 1493 2607 sua
1503 2565 1806 2619 presumptione
1829 2564 1971 2618 damp-

434 2625 559 2666 nabili
587 2624 839 2677 resipiscunt,
870 2623 941 2664 sed
962 2623 1135 2664 eundem
1152 2622 1431 2672 Octavianum,
1463 2635 1586 2675 quem
1614 2622 1690 2663 sibi
1719 2622 1762 2662 in
1791 2621 1971 2662 statuam

551 2727 584 2767 *)
609 2725 674 2759 Die
698 2724 948 2759 Konsekration
973 2724 1115 2768 erfolgte
1140 2735 1194 2758 am
1219 2726 1272 2759 20.
1299 2723 1513 2768 September;
1539 2723 1620 2757 zwei
1644 2721 1736 2767 Tage
1758 2721 1890 2765 vorher,
1906 2732 1971 2767 ‚am

442 2776 492 2807 18.
519 2772 726 2816 September,
752 2782 822 2805 war
845 2771 1038 2804 Alexander
1062 2771 1098 2804 in
1122 2770 1279 2804 Cisterna
1304 2770 1516 2803 immantiert
1540 2769 1684 2803 worden.

553 2819 605 2860 **)
644 2817 735 2851 Bald
758 2817 846 2851 nach
872 2817 948 2850 dem
971 2817 1089 2850 Erlass
1127 2816 1237 2850 dieses
1263 2815 1474 2858 Schreibens,
1517 2826 1571 2849 am
1596 2818 1628 2850 4.
1655 2814 1816 2857 Oktober,
1857 2813 1972 2848 wurde

436 2865 559 2898 Viktor
594 2875 634 2898 zu
658 2863 760 2897 Farfa
796 2874 871 2897 vom
895 2862 1200 2896 Kardinalbischof
1219 2862 1367 2896 Ymarus
1404 2863 1504 2895 unter
1528 2861 1706 2895 Assistenz
1732 2860 1792 2894 der
1815 2859 1972 2894 Bisehofe

438 2922 501 2946 von
526 2910 617 2944 Melfi
644 2921 675 2944 u.
701 2909 881 2943 Ferentino
907 2909 1128 2943 konsekriert.
