2098 3432
1612 278 1693 320 189

114 392 302 436 fortunae
323 391 543 434 saevientis
565 392 792 446 excipimus
822 392 866 433 in
895 391 1087 434 manibus
1117 392 1281 442 nostris,
1313 394 1355 434 et
1385 391 1512 434 oculis
1542 392 1697 445 iugiter

115 451 258 493 subest
277 449 461 492 continui
481 449 655 490 materia
675 450 825 491 laboris
848 452 890 491 et
920 449 1068 492 doloris
1093 450 1134 490 et
1162 449 1372 491 moeroris.
1422 449 1516 491 Non
1547 449 1695 499 locum,

113 520 197 550 non
226 509 391 561 tempus
420 506 609 560 indulget
639 519 781 548 amara
817 520 905 549 sors
947 506 1126 548 laetitiae
1170 509 1243 548 aut
1274 507 1422 560 quieti,
1463 506 1529 548 vix
1559 507 1694 548 solatii

115 565 181 608 vel
217 564 355 606 tenuis
397 576 493 618 spes
522 563 782 617 relinquitur.
843 564 924 606 Sed
954 564 1027 605 illa
1057 576 1081 604 a
1109 563 1307 614 Domino,
1347 564 1381 605 si
1412 563 1581 617 quidem
1610 564 1694 605 iam

115 621 166 664 de
203 621 385 663 humano
425 621 669 675 desperatur
701 621 874 670 auxilio;
913 623 955 663 et
983 633 1050 662 me
1083 621 1252 674 quidem
1281 621 1342 663 rei
1371 621 1585 663 familiaris
1617 622 1694 663 sub

114 691 236 722 onere
257 678 379 721 alieni
404 678 509 720 aeris
542 680 583 720 et
612 678 927 732 importunitate
951 678 1202 720 creditorum
1233 680 1356 731 urget
1386 678 1589 732 angustia,
1620 679 1689 720 sed

0 716 13 760 ³⁷
42 783 44 787 ⁸
114 736 220 778 hanc
257 735 561 778 solicitudinem
599 735 790 789 denigrat
827 748 1007 785 moeror,
1050 737 1092 777 et
1130 735 1326 789 quicquid
1364 736 1575 790 privatum
1616 738 1690 785 est,

114 793 294 848 Impetus
333 793 511 835 fortioris
551 794 593 834 et
627 793 780 848 publici
817 795 955 835 metus
1000 793 1200 834 absorbet.
1273 792 1411 835 Sentis
1451 793 1556 847 ipse,
1596 793 1694 846 quid

114 850 310 899 sentiam;
343 850 452 904 quod
480 851 637 903 loquor,
668 850 743 892 tibi
771 850 861 905 ipsi,
892 852 940 891 ut
971 850 1156 899 arbitror,
1187 850 1273 903 iugi
1303 850 1571 892 meditatione
1601 863 1694 904 pro-

113 908 304 962 loqueris,
335 910 376 949 et
396 909 604 949 moestum
626 907 886 949 dicturientis
907 908 1081 949 verbum
1102 909 1241 948 mente
1272 908 1488 961 praevenis
1519 907 1696 949 circum—

114 966 263 1020 specta.
321 965 432 1006 Nam
474 967 516 1006 et
553 966 620 1015 tu,
661 965 742 1006 nisi
778 967 819 1006 te
860 965 999 1019 ipsum
1030 964 1209 1014 exueris,
1251 964 1352 1006 dum
1382 965 1432 1006 de
1463 965 1694 1006 communis

114 1022 267 1066 domini
287 1022 417 1065 nostri
438 1022 669 1064 sollicitaris
689 1022 941 1072 infirmitate,
972 1034 1072 1063 cura
1091 1021 1204 1075 vigili
1235 1023 1278 1063 et
1299 1022 1496 1064 continua
1516 1022 1694 1064 versaris

113 1079 157 1122 in
174 1079 383 1122 laboribus
405 1081 447 1122 et
467 1079 675 1122 doloribus
697 1079 870 1126 nostris;
902 1079 1002 1120 dum
1023 1079 1268 1120 universalis
1291 1080 1495 1130 ecclesiae,
1529 1092 1553 1121 a
1573 1080 1692 1122 cuius

115 1137 307 1180 uberibus
328 1137 567 1187 coaluimus,
588 1137 818 1179 collisiones
840 1136 963 1186 vides,
987 1149 1157 1178 causam
1178 1149 1340 1190 pensas,
1371 1137 1554 1191 pericula
1574 1150 1691 1191 prae-

113 1195 282 1245 metiris,
313 1194 498 1237 dolorem
519 1194 648 1236 dolori
673 1194 812 1236 adiicit
833 1194 1058 1242 meditatio,
1091 1194 1284 1244 dolorem,
1316 1207 1442 1247 quem
1472 1194 1580 1236 ferre
1610 1208 1692 1236 non

115 1251 306 1295 sustines.
376 1252 427 1294 In
465 1252 530 1294 his
561 1253 702 1294 tamen
744 1251 934 1294 omnibus
971 1251 1116 1293 mitius
1157 1251 1295 1304 agitur
1332 1253 1492 1302 tecum,
1531 1252 1603 1305 qui
1642 1252 1693 1293 ad

113 1322 278 1352 omnem
299 1322 444 1351 auram
466 1311 508 1351 et
527 1309 673 1351 horam
695 1311 736 1350 et
757 1309 809 1350 ad
829 1322 997 1351 omnem
1029 1309 1242 1362 querelam
1273 1308 1454 1350 familiae
1485 1309 1694 1351 desolatae

112 1379 306 1422 praesens
326 1380 408 1410 non
430 1367 587 1420 cogeris
609 1367 870 1421 lachrymari,
902 1366 973 1419 qui
994 1366 1193 1408 liberioris
1217 1366 1459 1408 conditionis
1482 1366 1693 1408 fortunam

42 1439 55 1450 ·
112 1426 271 1476 nactus,
299 1437 567 1478 nequaquam
598 1424 721 1466 times
752 1424 827 1466 tibi
858 1427 931 1465 aut
962 1424 1130 1465 exilium
1162 1423 1379 1465 imminere
1411 1426 1484 1466 aut
1514 1425 1692 1466 necessi-

111 1483 242 1524 tatem
269 1482 477 1537 piaculare
497 1482 703 1535 flagitium
725 1481 1019 1524 committendi.
1068 1481 1106 1522 D
1120 1481 1196 1534 egi
1213 1494 1231 1522 3
1263 1481 1393 1523 6111111
1424 1482 1518 1523 sub
1550 1482 1694 1536 prin-

113 1539 250 1594 cipe,
289 1540 441 1582 cuius
479 1539 732 1581 memoria
770 1539 822 1580 in
860 1539 1202 1580 iucunditate
1234 1541 1284 1580 et
1314 1539 1339 1581 b
1354 1539 1657 1581 enediction
1672 1552 1693 1580 e

112 1597 244 1651 est.*)
304 1597 405 1639 Nos
446 1599 619 1638 autem
651 1598 899 1638 timemus
946 1609 1107 1650 supra
1150 1596 1371 1646 modum,
1410 1610 1471 1638 ne
1500 1597 1693 1638 Teuto-

111 1654 263 1696 nicus
309 1655 593 1710 imperator
632 1654 1016 1696 circumveniat
1055 1653 1134 1695 fra
1148 1654 1448 1695 udulentiis
1489 1654 1603 1696 suis
1644 1656 1694 1695 et

113 1712 384 1758 subvertat
422 1725 475 1754 se
489 1712 787 1754 renitatem
825 1711 1091 1766 principis
1140 1711 1313 1753 nostri
1327 1726 1336 1759 3
1350 1712 1418 1766 **)
1472 1712 1575 1752 mihi
1605 1714 1693 1753 tam

112 1782 260 1824 parum
288 1770 452 1812 videtur
483 1770 634 1811 habere
665 1769 941 1819 discretionis,
983 1782 1108 1822 quem
1139 1782 1161 1810 c
1170 1782 1192 1811 o
1201 1782 1230 1810 n
1239 1783 1264 1811 v
1275 1782 1296 1811 e
1308 1782 1335 1810 n
1346 1769 1385 1810 ti
1396 1782 1418 1810 c
1428 1769 1504 1810 uli
1536 1769 1570 1810 P
1581 1781 1605 1811 a
1615 1783 1641 1823 p
1653 1769 1665 1810 i
1675 1793 1694 1800 -

113 1838 135 1868 e
145 1839 173 1868 n
185 1827 256 1869 sis
307 1827 589 1882 praesumptio
643 1829 784 1868 movet
794 1859 803 1877 ,
850 1826 929 1868 nisi
969 1829 1017 1868 ut
1051 1826 1289 1877 Alexandri,
1350 1827 1385 1867 si
1426 1827 1518 1879 quis
1556 1827 1606 1868 de
1646 1839 1694 1868 ea

113 1884 284 1935 dubitet,
315 1885 459 1927 electio
491 1885 618 1926 etiam
648 1885 778 1939 partis
810 1884 1066 1926 adversantis
1097 1884 1333 1926 testimonio
1364 1884 1590 1926 roboretur.

224 1942 285 1985 Ut
300 1942 412 1984 enim
427 1942 704 1984 temeritatem
719 1942 831 1983 illius
849 1945 1118 1996 praeteream,
1137 1941 1208 1994 qui
1219 1942 1453 1983 Romanam
1465 1941 1692 1991 ecclesiam,

113 2011 217 2053 quae
248 2000 375 2042 solius
404 1999 571 2042 Domini
609 2001 847 2041 reservatur
884 1999 1080 2049 examini,
1118 1999 1299 2040 iudicare
1338 1999 1620 2053 praesumpsit
1651 2001 1693 2040 et

112 2069 220 2107 eum,
236 2057 308 2110 qui
324 2057 461 2099 fuerat
477 2057 867 2105 excommunicatus,
875 2058 902 2090 ει)
928 2057 1035 2098 sicut
1056 2056 1330 2098 cardinalium
1345 2056 1503 2098 indicat
1519 2056 1692 2098 inhono-

110 2114 214 2156 ratio
235 2114 467 2165 Bisuntina,
499 2115 629 2156 edicto
660 2114 936 2168 peremptorio
958 2115 1102 2156 citavit
1124 2114 1175 2155 ad
1202 2114 1401 2155 iudicium
1424 2116 1466 2155 et
1485 2114 1691 2168 praeiudi-

115 2171 207 2213 ciali
238 2172 443 2214 sententia
473 2172 653 2214 alterum
683 2172 833 2214 veteris
864 2171 983 2214 officii
1008 2174 1049 2213 et
1069 2171 1284 2225 dignitatis
1304 2172 1482 2221 nomine,
1513 2172 1691 2213 alterum

113 2229 383 2284 appellatione
404 2229 581 2272 Romani
601 2229 807 2284 pontificis
829 2230 1036 2279 salutavit,
1049 2229 1146 2283 ***)
1178 2229 1439 2271 senatoribus
1470 2230 1512 2270 et
1541 2229 1692 2283 populo

113 2331 250 2368 seheint
281 2344 320 2368 er
343 2333 473 2368 bereits
498 2333 535 2367 in
557 2333 656 2378 jener
680 2333 758 2368 Zeit
781 2344 900 2378 wegen
925 2333 1039 2368 seines
1064 2333 1401 2378 strengkirchlichen
1428 2332 1692 2378 Standpunktes

112 2390 190 2416 vom
213 2379 348 2425 Konige
385 2380 497 2415 seiner
522 2380 712 2415 Einkiinfte
744 2381 894 2416 beraubt
925 2381 1063 2416 worden
1098 2392 1139 2415 zu
1171 2380 1255 2416 sein.
1320 2380 1376 2415 An
1410 2380 1527 2414 seinen
1552 2379 1691 2414 Freund

113 2425 248 2462 Radulf
276 2439 307 2463 v.
333 2427 445 2462 Serris
476 2439 540 2462 aus
565 2427 704 2462 Lisieux
737 2427 817 2462 sind
841 2428 998 2462 mehrere
1022 2428 1150 2462 andere
1174 2427 1237 2474 der
1260 2427 1464 2462 erhaltenen
1489 2427 1607 2462 Briefe
1633 2439 1691 2472 ge-

111 2473 249 2511 richtet.
266 2477 309 2515 -a)
327 2474 523 2510 Watterich
547 2477 738 2510 vermutet:
765 2477 801 2510 et
825 2475 886 2521 qui
911 2487 990 2510 cum
1008 2475 1134 2510 fuisset
1150 2475 1341 2519 (Ubrigens
1359 2475 1408 2509 ist
1427 2474 1609 2509 Friedrich
1626 2486 1692 2509 von

112 2520 272 2588 Hadriissn
288 2521 339 2556 IV
341 2550 350 2558 .
374 2522 475 2576 nicht
490 2522 819 2579 'exkornmuniziert‘
832 2523 997 2566 worden).
1024 2522 1087 2556 Ich
1112 2524 1286 2576 veniiute:
1315 2521 1690 2576 ercommunicaturus.

113 2569 268 2651 ‹101aein
281 2568 676 2660 ‚Gffifflffeiissicffi‘ig
680 2569 1283 2662 111111ζὲ1111113Ἑὲ1-ῗὲ11131]
1289 2568 1605 2651 ᾱέἶῦἔὶῗξῗῐιὲἓξῂ
1612 2569 1692 2650 ⁶33¹}

113 2661 175 2698 der
201 2662 338 2729 §znode
362 2675 404 2698 zu
413 2663 605 2720 ''Doulou-se,
636 2664 764 2721 welche
791 2664 1082 2717 wahrscheinlich
1112 2664 1218 2698 Mitte
1249 2664 1345 2698 Marz
1381 2666 1468 2698 1161
1503 2663 1691 2734 sta'ttfaud.

188 2709 263 2803 *⁴³*3
279 2710 362 2792 {ils
375 2710 1114 2803 ἐῶέἒιῗὲὲεὲἶῖιῗίῗὲἶῧέιξῖἳὲξὲη(1111111913.
1122 2713 1413 2803 6111ἓ6ῗ1ῗυὲ113ῗ161
1420 2710 1625 2791 SllVozfizffirich
1639 2757 1690 2799 II,

80 2810 83 2814 “
113 2805 202 2848 458;
228 2804 328 2840 darin
354 2805 404 2840 ist
427 2804 625 2840 Alexander
648 2805 840 2850 allerdings
867 2806 919 2840 als
943 2805 1116 2840 Kardinal
1141 2805 1280 2840 Roland
1309 2803 1579 2850 angesprochen.
1617 2804 1690 2838 Das

113 2849 469 2887 Citationsschreiben
483 2863 529 2887 an
546 2852 670 2887 Viktor
687 2853 737 2887 ist
753 2853 854 2887 nicht
867 2852 967 2887 mehr
986 2852 1166 2895 erhalten3
1190 2853 1233 2887 ob
1257 2852 1318 2886 der
1336 2852 1502 2896 iibrigens
1520 2851 1609 2885 auch
1627 2862 1691 2885 von

113 2897 245 2933 andern
253 2898 531 2934 Alexandrinam
539 2899 723 2944 gemachte
734 2900 896 2935 Vorwurf
903 2899 1102 2944 begriindet
1114 2900 1172 2943 ist,
1184 2900 1233 2934 ist
1245 2899 1354 2933 daher
1364 2899 1465 2933 nicht
1474 2897 1692 2932 kontrollier-
