2098 3432
1587 280 1667 324 193

96 397 304 454 episcopos
334 409 359 438 a
387 396 693 438 consecratione
723 396 921 445 inhibuit,
959 396 1039 437 nisi
1077 396 1278 449 sacrilegii
1323 396 1604 438 conscientia?
1627 397 1668 450 *)

0 467 3 504 j
34 505 38 508 ,
82 445 240 505 ¹Miror,
281 453 390 507 quod
422 466 564 495 omnes
593 466 818 508 pauperem
849 454 1082 507 sequuntur
1111 453 1393 494 Alexandrum
1423 454 1669 506 maluntque

0 891 12 933 ἶ

0 935 8 984 Ξ

95 524 191 556 oum
210 524 257 554 eo
279 511 444 553 exulare
475 523 499 552 a
529 510 631 552 facie
651 511 895 565 principum,
926 523 1053 564 quam
1084 510 1354 552 adhaerentes
1386 511 1548 552 aemulo
1580 511 1668 552 eius

95 581 190 612 cum
218 568 471 623 principibus
502 568 690 622 gentium
719 569 932 623 imperare.
991 568 1071 609 Hic
1101 568 1301 622 episcopi,
1333 568 1398 610 hic
1428 568 1668 623 presbyteri,

93 627 162 670 hic
179 625 349 676 diaconi,
380 626 447 667 hic
467 625 587 667 curia
603 628 700 675 tota,
732 628 774 667 et
794 625 935 668 ordine
957 625 1007 667 de
1037 627 1155 667 tanto
1187 625 1375 679 quisquis
1405 639 1487 667 non
1519 626 1668 675 exulat,

93 683 162 727 hic
190 685 276 726 est:
308 695 376 725 eos
397 683 613 737 Papiensis
644 683 803 725 concilii
835 683 1042 724 sententia
1071 696 1153 724 non
1183 685 1322 732 terret,
1354 683 1426 725 sed
1455 683 1499 724 in
1530 684 1669 737 ipsum

94 741 382 797 imperatorem
432 744 474 782 et
524 740 681 782 idolum
732 753 855 782 suum
905 753 1001 782 cum
1051 741 1244 782 omnibus
1296 741 1522 782 cultoribus
1572 741 1668 790 suis,

95 799 306 854 sperantes
328 798 373 839 in
391 797 580 848 Domino,
610 797 652 839 in
682 797 869 852 potentia
888 797 1054 839 virtutis
1076 797 1176 847 eius,
1206 797 1422 839 confortati
1446 798 1488 839 in
1510 797 1669 852 Spiritu

95 858 248 906 saneto,
277 856 530 897 sententiam
561 855 839 896 anathematis
869 854 1134 896 intorserunt.

206 913 387 955 Transeo
429 912 481 954 ad
517 925 645 955 novas
685 914 728 954 et
755 912 965 954 inauditas
996 912 1276 954 decretalis
1318 912 1507 966 synodi
1549 912 1670 953 sub-

95 969 441 1025 scriptiones,
472 970 516 1012 in
547 970 697 1023 quibus
728 982 776 1011 ex
807 970 1092 1024 episcoporum
1123 969 1285 1011 defectu
1306 983 1378 1024 pro
1410 969 1468 1011 eis
1499 970 1669 1011 comites

95 1026 385 1078 admittuntur,
415 1028 459 1069 in
489 1027 639 1081 quibus
669 1028 729 1069 illi
750 1028 1015 1082 praecipuam
1046 1027 1123 1069 sibi
1142 1027 1362 1069 vendicant
1382 1027 1669 1069 auctoritatem

93 1084 384 1141 episcopalium
408 1085 581 1136 sedium,
612 1098 789 1139 quorum
820 1087 894 1126 aut
922 1085 1040 1126 nulla
1070 1086 1134 1126 est
1163 1087 1237 1126 aut
1267 1085 1409 1126 electio
1440 1085 1668 1138 reprobata.

94 1142 348 1196 Reginaldus
387 1143 498 1184 enim
544 1142 813 1184 cancellarius
854 1142 1114 1196 imperatoris
1150 1155 1194 1184 se
1225 1142 1513 1184 Coloniensem
1544 1141 1671 1195 gessit

99 1199 458 1255 archiepiscopum,
490 1213 620 1254 quum
642 1201 803 1242 certum
833 1201 888 1241 sit
918 1200 1159 1242 electionem
1190 1199 1278 1241 eius
1310 1212 1333 1241 a
1352 1200 1540 1241 Romano
1570 1211 1671 1253 pon-

97 1257 217 1308 tifice,
237 1258 357 1300 beato
379 1257 573 1308 Adriano,
593 1257 721 1299 fuisse
742 1257 1076 1311 damnatam,**)
1112 1269 1190 1298 nec
1208 1257 1336 1306 video,
1369 1269 1507 1310 quare,
1539 1269 1669 1310 quum

95 1315 377 1370 episcopatum
407 1315 574 1366 ambiat,
605 1327 629 1357 a
648 1315 813 1357 Victore
845 1327 918 1356 suo
950 1314 1159 1356 distulerit
1189 1314 1428 1364 consecrari,
1458 1314 1538 1355 nisi
1570 1314 1668 1367 quia

94 1372 380 1415 imminentem
417 1373 582 1414 ruinam
611 1372 743 1414 timet.
803 1372 938 1414 Guido
969 1385 1105 1414 comes
1136 1371 1185 1413 de
1217 1371 1476 1413 Plauderada
1506 1372 1668 1413 Raven-

39 1437 41 1439 ’
94 1429 202 1472 natis
232 1430 527 1486 archiepiscopi
557 1429 764 1485 supplevit
792 1430 944 1480 vicem,
988 1443 1118 1483 quum
1147 1442 1224 1471 nec
1253 1429 1362 1471 filius
1394 1442 1514 1479 suus,
1552 1429 1669 1470 cuius

94 1487 236 1530 electio
277 1489 475 1541 quassata
516 1489 599 1538 est,
637 1488 733 1530 licet
773 1488 904 1529 bonus
944 1487 1104 1529 iuvenis
1141 1487 1216 1537 sit,
1254 1487 1389 1528 adhuc
1418 1487 1505 1529 vice
1538 1486 1670 1528 archi-

97 1545 274 1600 episcopi
304 1544 422 1599 fungi
451 1545 592 1600 possit.
653 1545 730 1587 Cui
760 1558 843 1587 non
872 1545 974 1587 haec
1003 1545 1178 1586 ridicula
1207 1544 1453 1586 videantur?
1514 1543 1668 1586 Scenae

93 1601 307 1644 theatralis
349 1603 452 1644 haec
481 1603 636 1657 species
667 1604 731 1644 est
759 1602 896 1657 potius
929 1615 1055 1656 quam
1084 1602 1297 1644 reverendi
1328 1602 1465 1655 imago
1497 1601 1668 1643 concilii.

95 1657 215 1711 Quid,
245 1659 356 1714 quod
385 1673 607 1714 regnorum
639 1661 681 1702 et
700 1660 1006 1714 provinciarum
1035 1672 1224 1714 magnus,
1255 1659 1386 1701 falsus
1416 1661 1558 1700 tamen
1588 1659 1670 1700 col-

94 1717 226 1759 lectus
267 1720 331 1759 est
367 1730 586 1768 numerus,
624 1725 672 1759 ut
710 1717 1008 1772 subscriptores
1045 1717 1115 1759 isti
1155 1717 1320 1771 ignaros
1357 1729 1498 1759 rerum
1529 1729 1669 1758 secum

94 1773 254 1816 facilius
291 1774 335 1816 in
370 1775 659 1830 praecipitium
698 1775 899 1817 trahant?
959 1774 1064 1827 Quis
1095 1775 1145 1816 ad
1178 1775 1288 1816 illius
1320 1774 1478 1816 concilii
1509 1775 1668 1815 statuta

95 1835 322 1883 moveatur,
352 1833 424 1875 ubi

754 1890 920 1941 „sedere
951 1893 1091 1945 patres
1121 1902 1287 1932 censere
1317 1888 1464 1944 parati,

294 1946 339 1989 Si
369 1960 557 2002 regnum,
587 1947 622 1989 si
652 1949 810 2002 templa
839 1950 954 2003 petat
984 1947 1259 2001 iugulumque
1291 1950 1459 1989 senatus

294 2003 580 2059 Passurasque
610 2005 781 2047 infanda
808 2009 964 2048 nurus“

95 2063 138 2104 et
173 2061 209 2104 si
248 2061 348 2115 quid
385 2063 652 2116 tyrannicum
691 2063 870 2105 atrocius
909 2063 1130 2117 excogitari
1167 2064 1336 2117 potest?
1403 2061 1459 2103 Et
1498 2060 1667 2115 quidem

95 2119 198 2162 bene
235 2132 330 2161 cum
366 2120 538 2162 ecclesia
577 2123 716 2162 actum
756 2124 838 2170 est,
879 2121 989 2175 quod
1020 2120 1193 2171 Caesar,
1234 2121 1304 2173 qui
1344 2119 1506 2170 aderat,
1546 2119 1667 2173 plura

92 2175 232 2219 iubere
262 2177 430 2219 erubuit
459 2190 585 2231 quam
614 2178 706 2232 ipsa
734 2178 833 2232 pati.
1606 2182 1614 2191 '

205 2233 378 2276 Possem
407 2235 595 2289 pluribus
626 2235 679 2277 ad
709 2248 767 2286 ea,
799 2248 905 2289 quae
935 2235 1147 2290 scripsisti,
1178 2234 1421 2283 rescribere,
1462 2233 1534 2275 sed
1563 2233 1667 2274 haec

94 2291 196 2333 satis
217 2303 306 2333 esse
327 2292 503 2334 arbitror
524 2293 576 2334 ad
595 2293 943 2347 persuadendum,
973 2296 1033 2343 ut,
1055 2293 1089 2334 si
1111 2293 1201 2334 fieri
1221 2294 1368 2347 potest,
1386 2290 1667 2332 Alexandrum

95 2347 283 2391 dominus
313 2349 531 2392 Remensis
560 2351 751 2405 recipiat,
783 2353 824 2392 et
854 2363 1097 2400 consensus,
1129 2350 1162 2391 si
1195 2351 1254 2391 ita
1284 2349 1432 2391 viderit
1463 2348 1664 2402 expedire,

95 2405 222 2448 donec
249 2406 333 2457 fiat,
363 2407 576 2450 commode
607 2407 830 2450 differatur.
878 2408 988 2449 Nam
1018 2408 1096 2450 hoc
1126 2407 1227 2449 satis
1257 2419 1504 2461 persuasum
1535 2405 1665 2454 credo,

94 2465 143 2504 ut
169 2476 252 2506 non
281 2465 516 2517 acquiescat
545 2465 803 2520 imperatoris
834 2465 991 2507 idolum
1022 2465 1202 2507 adorare.
1235 2464 1279 2506 Si
1310 2477 1404 2506 vero
1434 2463 1665 2517 periculum

93 2519 345 2572 immineret,
384 2535 474 2564 rem
513 2523 680 2564 interim
718 2522 850 2564 differi
889 2522 1271 2564 commodissimum
1311 2525 1385 2563 est.
1453 2520 1503 2561 In
1540 2520 1663 2561 rebus

94 2577 233 2621 arduis
269 2579 497 2633 periculosa
536 2582 600 2622 est
638 2580 942 2635 praecipitatio,
984 2581 1027 2622 et
1063 2592 1195 2630 mora,
1235 2592 1342 2632 quae
1372 2579 1414 2619 in
1443 2578 1567 2619 rebus
1598 2589 1664 2618 ex-

210 2716 242 2761 *)
267 2717 347 2762 Vgl.
374 2717 440 2752 den
465 2718 651 2753 {ihnlichen
674 2718 836 2753 Vorwurf
856 2718 905 2752 im
931 2717 1118 2752 Schreiben
1145 2717 1360 2752 Alexanders
1389 2728 1433 2750 an
1459 2716 1590 2760 Syrus!

189 2762 239 2806 **)
263 2763 417 2799 Rainald
432 2776 504 2800 war
527 2765 575 2800 im
599 2765 755 2800 Februar
780 2765 864 2800 oder
888 2765 984 2799 Marz
1002 2768 1091 2800 1159
1118 2776 1195 2799 zum
1220 2763 1426 2798 Erzbischof
1448 2775 1477 2798 v.
1491 2763 1582 2797 Kolu
1606 2773 1663 2807 ge-

95 2809 204 2845 wahlt
228 2811 385 2855 worden;
411 2813 490 2847 wie
516 2813 594 2847 wir
619 2824 698 2847 aus
725 2813 894 2847 diesem
922 2812 1076 2846 Briefe
1102 2812 1304 2853 ersehen,
1331 2811 1478 2845 verwarf
1502 2810 1661 2844 Hadrian

95 2855 152 2892 dio
161 2856 277 2894 wahl.
315 2858 386 2894 Der
397 2859 574 2894 wirkliche
597 2859 720 2895 Grund
739 2860 788 2894 ist
806 2860 901 2899 klar:
930 2859 1076 2893 welcher
1101 2859 1255 2893 fonnelle
1274 2858 1396 2893 Grund
1415 2857 1660 2902 vorgeschiitzt

95 2903 230 2948 wuxde,
258 2905 393 2941 erfahrt
421 2918 503 2941 man
528 2907 604 2941 hier
627 2907 738 2942 nicht.
787 2906 930 2950 Ficker,
963 2906 1118 2940 Rainald
1143 2905 1177 2941 S.
1203 2909 1258 2941 33.

167 2970 326 3006 DGborl,
346 2973 469 3003 nonum.
491 2974 622 3000 German.
645 2975 748 3001 selecta
767 2977 794 3000 4.
1386 2954 1438 2994 13
