2098 3432
1614 277 1698 320 237

171 407 209 430 1·
237 394 275 436 ’1.
310 391 509 434 Pmterea
528 389 721 432 dominus
749 403 860 455 papa
890 392 932 432 et
962 390 1155 433 dominus
1176 391 1401 456 imperator
1431 392 1482 434 ad
1502 393 1702 434 honorem

171 449 302 495 hura
343 447 512 491 ecclesie
557 448 600 489 et
641 447 804 502 imperii
851 448 1133 490 conservanda
1175 449 1356 491 vicissim
1401 462 1445 491 se
1490 449 1702 499 iuvabunt,

190 518 313 577 ἶ,11118
341 517 449 561 papa
486 505 536 546 ut
573 505 779 558 benignus
817 506 935 560 pater
965 505 1162 548 devotum
1202 508 1243 547 et
1280 507 1539 548 carissimum
1570 507 1702 548 filium

159 553 188 573 ‘
318 564 469 606 torem
485 562 888 612 christianissimum,
909 563 1100 605 dominus
1116 576 1211 605 vero
1227 563 1450 618 imperator
1466 566 1514 606 ut
1528 564 1701 606 devotus

219 622 295 664 et
313 619 691 664 christianissimus
700 620 926 675 imperator
945 620 1144 662 dilectum
1175 622 1218 662 et
1237 621 1510 663 reverendum
1536 624 1700 676 patrem

231 697 257 716 .»;
281 696 291 715 a
330 677 446 720 Petri
474 677 684 720 vicarium.

167 727 220 800 {fi
221 735 277 784 8.
310 734 567 788 Quecunque
597 735 739 776 autem
768 735 954 789 tempore
985 735 1192 777 scismatis
1233 736 1298 778 vel
1327 736 1540 778 occasione
1570 736 1701 791 ipsius

197 793 323 841 sine
351 791 492 835 ordine
521 791 734 834 iudiciario
767 792 948 834 ecclesiis
989 805 1013 834 a
1044 793 1209 835 domino
1239 793 1489 848 imperatore
1519 794 1582 836 vel
1615 793 1701 835 suis

194 847 400 913 wablata,
431 849 489 891 eis
518 849 806 891 restituentur.

175 900 282 966 β
312 907 465 950 Pacem
495 907 622 949 etiam
653 919 795 949 veram
825 906 1018 948 dominus
1049 907 1272 962 imperator
1301 907 1425 950 faciet
1454 921 1549 949 cum
1579 908 1702 949 Lom-

298 964 528 1008 secundum
568 963 678 1018 quod
717 963 965 1006 tractabitur
993 977 1068 1019 per
1096 965 1344 1007 mediatores
1376 978 1479 1019 quos
1510 965 1702 1007 dominus

214 1020 307 1065 et
335 1022 528 1065 dominus
556 1021 784 1076 imperator
820 1022 862 1063 et
891 1021 1113 1064 Lombardi
1156 1022 1207 1064 ad
1237 1023 1534 1077 perficiendum
1575 1023 1702 1064 inter-

213 1078 349 1123 rint.
369 1079 424 1122 Et
439 1079 527 1134 [si‚]
544 1081 768 1134 postquam
784 1079 834 1120 de
849 1091 950 1134 pace
964 1079 1073 1121 inter
1088 1079 1304 1122 dominum
1319 1093 1471 1144 papam
1488 1080 1701 1122 ecclesiam

189 1138 482 1202 potatorem
523 1136 771 1192 dispositum
801 1136 926 1178 fuerit
957 1136 1219 1188 sufficienter,
1259 1137 1420 1191 aliquid
1446 1138 1487 1178 in
1519 1139 1700 1178 tractatu

277 1194 432 1239 domini
470 1194 732 1259 imperatoris
778 1195 820 1235 et
859 1194 1188 1236 Lombardorum
1225 1195 1440 1236 emerserit
1479 1194 1587 1248 quod
1629 1207 1702 1248 per

217 1254 368 1295 1044103
388 1251 577 1307 componi
606 1264 690 1293 non
719 1251 862 1306 possit,
894 1251 1063 1294 arbitrio
1083 1252 1252 1294 maioris
1273 1253 1403 1307 partis
1424 1252 1700 1293 mediatorum

180 1302 272 1369 [ἵει
299 1310 419 1365 parte
449 1309 605 1351 domini
633 1321 739 1364 pape
779 1310 822 1351 et
852 1309 1008 1351 domini
1037 1309 1299 1364 imperatoris
1330 1309 1381 1351 ad
1412 1309 1453 1351 id
1485 1309 1700 1351 constituti

128 1353 228 1399 “²'‘
262 1366 451 1411 stabitur.
508 1366 703 1422 Ipsorum
733 1367 875 1408 autem
903 1366 1182 1409 mediatorum
1211 1380 1286 1422 par
1315 1380 1515 1408 numerus
1546 1367 1634 1408 erit.

210 1424 302 1471 510.
338 1423 492 1467 Pacem
519 1436 662 1466 veram
699 1423 847 1466 reddet
887 1424 1080 1466 dominus
1115 1425 1340 1489 imperator
1369 1424 1455 1479 regi
1486 1424 1628 1466 Cicilie
1658 1425 1700 1465 et

111 1506 140 1539 „¹
306 1481 358 1524 111
401 1481 860 1536 Constantinopolitano
914 1483 955 1523 et
992 1482 1198 1524 universis
1238 1481 1494 1524 adiutoribus
1532 1481 1701 1523 ecclesie

111 1548 148 1571 «’
156 1562 191 1596 3
185 1544 309 1582 itte
347 1540 390 1582 01
426 1539 590 1580 nullum
626 1551 697 1580 ma
743 1552 787 1580 m
817 1539 1015 1581 meritum
1045 1535 1229 1582 reddet*
1228 1552 1302 1594 per
1332 1552 1375 1581 se
1406 1540 1471 1582 vel
1501 1552 1598 1581 31103
1628 1551 1701 1593 pro

117 1616 125 1626 ⁴
204 1602 206 1606 '
217 1596 288 1642 fio
317 1596 466 1640 collato
496 1597 666 1639 ecclesie
736 1609 894 1639 omane.

211 1655 307 1699 .11.
338 1652 403 1696 De
442 1654 622 1708 querelis
664 1655 804 1696 autem
846 1658 888 1696 et
925 1654 1214 1696 controversiis
1259 1667 1340 1708 que
1379 1661 1475 1696 ante
1515 1655 1702 1708 tempora

232 1732 250 1752 ,ι
311 1723 419 1767 pape
456 1711 627 1754 Adriani
671 1711 780 1754 inter
819 1712 1037 1754 ecclesiam
1077 1713 1118 1753 et
1158 1712 1450 1766 imperatorem
1492 1711 1556 1754 vel
1594 1712 1703 1752 inter

303 1786 323 1807 ιι
371 1769 665 1824 imperatorem
709 1771 752 1811 et
779 1782 922 1824 regem
954 1769 1092 1812 Sicilie
1121 1770 1409 1820 vertebantur,
1453 1769 1700 1810 mediatores

282 1838 422 1883 pape
465 1827 508 1868 et
545 1826 701 1869 domini
738 1827 1000 1882 imperatoris
1046 1827 1353 1869 constituentur
1398 1826 1549 1880 quibus
1594 1839 1704 1868 com-

214 1901 248 1929 ·.r
286 1902 296 1914 ²
343 1915 354 1935 ‚
375 1886 417 1926 et
434 1896 504 1926 eos
518 1884 668 1927 iudicio
689 1885 754 1927 vel
770 1883 990 1927 concordia
1009 1885 1306 1926 terminabunt.
1350 1884 1526 1926 Interim
1548 1887 1702 1932 autem,

216 1960 259 1982 ·-÷
289 1941 492 1984 tractatus
530 1942 642 1997 pacis
672 1942 848 1993 durabit,
885 1942 983 1984 hinc
1011 1942 1107 1984 inde
1139 1954 1285 1995 guerre
1317 1943 1358 1983 et
1387 1941 1539 1983 offense
1571 1953 1704 1983 cessa-

211 2030 213 2035 ·
287 1998 346 2056 ,Si
363 2011 459 2043 vero
483 1999 656 2054 predicti
676 2000 926 2042 mediatores
946 2013 1029 2042 non
1050 2000 1326 2050 convenerint,
1358 1999 1525 2040 arbitrio
1546 1998 1700 2040 domini

213 2066 232 2093 ἒ·
251 2056 301 2111 et
325 2055 480 2100 domini
508 2057 768 2112 imperatoris
798 2058 863 2099 vel
894 2057 983 2099 eius
1012 2057 1078 2100 vel
1108 2070 1251 2099 eorum
1282 2069 1386 2110 quos
1418 2056 1468 2098 ad
1498 2056 1539 2098 id
1571 2056 1704 2109 elege-

209 2112 470 2180 finientur..
491 2114 668 2157 Interim
688 2116 830 2180 autem
850 2115 1040 2157 similiter
1065 2115 1162 2179 hinc
1180 2114 1275 2156 inde
1297 2113 1448 2178 offense
1470 2113 1703 2177 cessabunt.

159 664 216 692 ·“’.ἷὶι’“’·’ὲ

277 2246 293 2268 v2
339 2227 529 2284 Philippo
566 2231 708 2272 autem
747 2230 1003 2272 Coloniensis
1042 2229 1290 2272 concedetur
1329 2229 1703 2283 archiepiscopatus

115 2286 133 2326 'a
183 2285 554 2339 amnfirmabuntm
583 2300 679 2329 cum
700 2288 813 2330 omni
833 2287 1090 2342 plenitudine
1112 2287 1468 2352 archiepiscopalis
1490 2285 1703 2339 dignitatis

212 2341 345 2390 mou.
401 2343 457 2386 Et
499 2345 659 2401 primus
696 2345 1072 2400 archiepiscopatus
1118 2345 1189 2398 qui
1233 2344 1275 2385 in
1314 2357 1441 2397 regno
1481 2343 1705 2384 Teutonico

346 2400 511 2444 domino
542 2402 730 2445 Conrado
744 2403 786 2457 *)
830 2403 1075 2445 auctoritate
1121 2402 1276 2444 domini
1319 2414 1423 2456 pape
1470 2404 1511 2442 et
1555 2400 1704 2442 auxilio

310 2457 571 2514 imperatoris
602 2460 884 2514 assignabitur
919 2461 989 2514 qui
1028 2462 1169 2502 tamen
1201 2471 1408 2512 congruus
1439 2458 1473 2499 ei
1506 2458 1704 2500 videatur.

218 2534 224 2555 ,³
253 2531 288 2553 ιιι
329 2517 470 2558 autem
498 2530 573 2572 per
602 2517 818 2560 dominum
846 2531 998 2572 papam
1029 2519 1070 2559 et
1100 2517 1315 2559 dominum
1344 2516 1636 2570 imperatorem
1667 2514 1704 2555 01

210 2571 345 2623 0111100
373 2574 664 2640 providebitur.

218 2659 223 2681 3
241 2628 309 2673 13.
341 2630 394 2673 Ei
421 2633 564 2674 autem
592 2632 664 2687 qui
693 2632 843 2675 dieitur
873 2632 1059 2675 Calixtus
1091 2644 1174 2673 una
1204 2631 1370 2674 abbatia
1399 2630 1577 2672 dabitur.
1635 2629 1705 2671 Illi

212 2772 215 2779 ·
249 2746 452 2839 &quad
475 2769 508 2793 v.
522 2757 760 2794 Wittelsbach
785 2770 857 2794 war
881 2758 929 2793 im
946 2758 980 2794 J.
1010 2761 1100 2794 1165
1125 2757 1177 2792 als
1202 2757 1354 2802 Anhang
1355 2767 1393 2791 01·
1408 2755 1623 2790 Alexanders
1636 2755 1702 2790 111.

237 2805 242 2810 ’
342 2804 493 2840 bistums
529 2807 684 2840 entsetzt
722 2806 795 2840 und
833 2806 946 2841 dieses
983 2805 1061 2840 dem
1101 2805 1252 2840 Kanzler
1276 2769 1455 2840 Chffistian
1494 2803 1704 2847 iibertrageu

211 2857 259 2883 ’ῑ444ι
328 2851 430 2888 Noeh
460 2852 497 2887 in
522 2852 681 2898 Venedig
716 2853 836 2888 wurde
869 2864 907 2888 er
936 2864 1015 2888 zum
1046 2852 1254 2887 Erzbischof
1283 2863 1313 2886 v.
1349 2850 1520 2894 Salzburg
1553 2849 1704 2884 erhoben

226 2898 320 2935 meh
343 2898 422 2935 dem
437 2899 532 2935 'rode
549 2899 749 2935 Christiane
766 2901 889 2947 (1183)
914 2899 1042 2935 erhielt
1066 2910 1104 2934 01·
1121 2898 1185 2934 das
1202 2899 1404 2933 Erzbistum
1419 2897 1536 2931 Mainz
1563 2896 1702 2931 zun‘ick.
