2098 3432
0 3015 39 3432 *tramea*ss
6 2761 33 2986 π
12 2430 16 2436 -
32 2395 41 2410 ,,
15 2198 17 2202 -

1696 234 1747 273 71

177 359 303 401 quam
326 345 377 387 ad
408 347 690 388 sacrosanctae
720 346 866 388 matris
896 347 1060 388 nostrae
1092 346 1302 388 Romanae
1335 346 1554 388 aecclesiae
1586 359 1751 400 promp—

176 403 379 446 tissimam
418 416 465 445 ac
504 403 811 445 devotissimam
848 403 1127 446 defensionem
1158 404 1439 458 suscepimus;
1480 405 1558 446 hac
1597 403 1751 445 scilicet

177 461 328 504 ordinis
357 460 534 510 ratione,
565 462 622 510 ut,
654 473 939 514 quaecumque
971 461 1022 503 ad
1051 461 1335 503 liberationem
1367 463 1408 502 et
1437 461 1750 503 honorationem

177 518 420 574 apostolicae
458 518 566 560 sedis
603 517 838 560 intenderat
878 520 918 560 et
958 519 1235 569 ordinaverat,
1280 531 1354 560 nos
1394 520 1630 560 constanter
1659 531 1751 572 per—

174 576 294 618 ficere
325 575 577 626 studeamus,
607 575 666 616 ita
691 577 749 627 ut,
778 576 895 617 iuxta
923 575 1084 618 felicem
1115 576 1167 617 ad
1197 579 1388 618 sanctum
1418 576 1553 618 virum
1583 576 1749 618 Domini

174 633 506 688 promissionem,
559 632 736 675 inimicis
790 634 938 676 vestris
983 633 1138 675 inimici
1183 634 1314 675 simus
1360 635 1402 675 et
1449 634 1632 676 odientes
1676 647 1749 676 vos

175 690 420 745 affligamus.
1515 717 1523 725 .

288 747 396 790 Sane
416 747 725 802 prenominatos
746 748 904 802 legatos
925 750 1086 790 nostros
1118 749 1363 802 benignitati
1393 750 1556 790 vestrae
1589 750 1748 790 attente

173 805 482 855 committimus,
512 806 561 846 ut
591 818 658 847 608
688 818 762 859 pro
791 808 957 847 nostrae
989 806 1216 848 dilectionis
1247 806 1404 848 intuitu
1435 806 1610 859 benigne
1641 808 1750 848 trac-

173 862 270 905 tetis
309 864 351 904 et
386 863 430 904 in
468 862 554 904 suis
591 863 858 917 petitionibus
899 864 1124 905 clementer
1154 864 1402 909 exaudiatis:
1444 864 1589 905 intime
1622 864 1748 905 etiam

173 922 383 975 rogantes,
423 921 472 962 ut
506 920 706 962 domnum
745 921 936 963 abbatem
979 921 1028 962 de
1058 921 1211 971 Evera,
1252 921 1368 963 nobis
1407 923 1495 963 tam
1525 921 1568 962 in
1600 921 1747 963 divinis

174 990 301 1032 quam
329 977 373 1019 in
402 978 595 1020 humanis
623 979 748 1020 rebus
777 979 1068 1029 necessarium,
1100 979 1276 1020 liberum
1306 979 1424 1020 nobis
1454 979 1689 1021 remittatis.

305 1142 351 1191 b)
384 1141 771 1197 Beqleitschreiben
803 1142 984 1186 wibalde
1016 1154 1068 1186 an
1102 1142 1239 1197 Euqen
1272 1143 1342 1196 ΙΙΙ.,
1376 1143 1486 1186 Mar-z
1515 1138 1611 1188 1152.

428 1228 600 1275 (wibaldi
624 1240 700 1275 epp.
726 1240 778 1265 nr.
805 1233 891 1273 3753
917 1228 1019 1273 Jafffz,
1045 1229 1268 1264 Bibliotheca
1292 1229 1321 1273 Ι,
1350 1232 1417 1264 503
1443 1229 1493 1272 ff.)

284 1317 524 1360 Reverendo
564 1318 671 1372 patri
712 1331 786 1360 suo
822 1322 864 1360 et
894 1318 1058 1360 domino
1088 1317 1308 1373 E(ugenio)
1341 1317 1481 1359 divina
1511 1316 1646 1370 gratia
1676 1316 1747 1357 uni

172 1378 214 1418 et
234 1375 455 1417 universali
474 1388 604 1430 papae
624 1375 752 1417 frater
769 1375 838 1418 ille
867 1378 1014 1426 vester,
1044 1376 1122 1418 Dei
1154 1379 1194 1417 et
1224 1379 1362 1417 vestra
1392 1375 1525 1428 gratia
1554 1374 1607 1425 id,
1639 1373 1749 1428 quod

173 1436 237 1475 est
265 1434 310 1475 in
340 1433 537 1475 aecclesia
566 1433 777 1483 catholica,
810 1446 852 1475 se
882 1434 1020 1488 ipsum
1049 1433 1094 1474 in
1122 1433 1202 1475 fide
1234 1435 1275 1475 et
1304 1433 1489 1475 veritate.

284 1491 409 1540 Ecce,
455 1490 686 1533 venerande
723 1494 858 1546 pater,
905 1491 1014 1545 quod
1052 1492 1222 1533 verebar
1260 1490 1417 1532 accidit.
1485 1491 1540 1531 Et
1579 1491 1629 1532 ob
1669 1490 1747 1531 hoc

172 1548 291 1603 quasi
329 1547 464 1590 divino
495 1551 537 1590 et
564 1548 720 1603 prescio
752 1548 917 1604 spiritu,
959 1562 1054 1591 cum
1085 1561 1219 1590 essem
1250 1548 1359 1603 apud
1388 1561 1479 1598 vos,
1517 1561 1599 1590 non
1629 1547 1747 1590 dissi-

170 1605 326 1648 mulavi
360 1618 496 1660 neque
536 1606 652 1657 silui,
698 1619 925 1660 suggerens
964 1610 1005 1648 61
1043 1608 1301 1656 contestans,
1336 1608 1385 1647 ut
1423 1618 1568 1660 pacem
1604 1606 1745 1660 populi

170 1663 358 1714 Romani,
387 1663 422 1706 si
451 1664 626 1706 honesta
656 1665 698 1706 et
727 1665 821 1706 tuta
852 1677 941 1707 esse
972 1666 1122 1719 posset,
1155 1665 1241 1706 sine
1273 1664 1469 1705 dilatione
1499 1663 1747 1718 reciperetis.

170 1722 262 1764 Etsi
297 1721 408 1763 enim
444 1734 586 1763 casum
623 1722 755 1772 hunc,
797 1722 846 1764 de
885 1735 965 1776 quo
1005 1735 1087 1764 non
1115 1722 1306 1764 inmerito
1337 1722 1547 1772 dolemus,
1578 1721 1747 1762 minime

168 1779 538 1835 perseniae-ibamus,
561 1779 741 1833 quadam
761 1781 902 1822 tamen
922 1780 1184 1834 presensione
1215 1779 1451 1821 futurorum
1483 1779 1749 1832 angebamur,

169 1850 221 1879 ne
261 1837 366 1879 forte
405 1849 498 1892 spes
537 1838 693 1888 vestra,
733 1850 859 1891 quam
899 1838 948 1879 de
990 1837 1243 1892 expeditione
1286 1837 1427 1878 futura
1458 1837 1748 1891 conceperatis,

170 1895 307 1949 aliquo
345 1907 487 1936 rerum
526 1896 676 1937 eventu
714 1894 925 1938 facillaret.
993 1895 1128 1937 Multa
1168 1895 1298 1945 enim,
1339 1907 1444 1948 quae
1483 1895 1662 1948 legimus
1705 1896 1746 1936 et

171 1952 404 2007 audivimus
444 1953 486 1994 et
524 1952 701 1994 vidimus
739 1953 848 1995 inter
885 1953 1130 1995 reverendos
1170 1953 1295 1996 Urbis
1336 1952 1549 2007 pontifices
1590 1955 1632 1994 et
1671 1952 1749 1993 im-

168 2011 378 2066 peratores
408 2009 518 2052 facta
548 2011 588 2052 et
619 2010 748 2060 dicta,
787 2024 869 2053 non
905 2010 1087 2052 indebita
1116 2023 1190 2052 nos
1222 2010 1495 2052 sollicitudine
1525 2010 1753 2052 terrebant.

281 2067 336 2109 Et
375 2067 471 2109 licet
511 2067 686 2110 discreta
725 2068 899 2110 eruditio
938 2072 1077 2110 vestra
1113 2068 1163 2110 de
1201 2068 1311 2110 omni
1354 2070 1467 2109 statu
1508 2068 1746 2109 Theotonici

166 2125 284 2179 regni
320 2125 481 2180 plenius
520 2125 564 2167 in
603 2126 907 2180 presentiarum
947 2126 1141 2168 doceatur
1179 2127 1270 2167 tum
1307 2139 1380 2180 per
1409 2125 1551 2167 literas
1583 2126 1748 2178 gloriosi

166 2183 240 2225 filii
278 2182 405 2224 vestri
444 2186 486 2224 et
525 2183 680 2225 domini
720 2185 851 2226 nostri
880 2183 1084 2225 Frederici
1114 2184 1398 2226 Romanorum
1427 2183 1536 2236 regis
1567 2183 1748 2225 invictis-

168 2241 263 2283 simi
302 2242 396 2282 tum
435 2241 560 2282 etiam
588 2254 662 2295 per
693 2242 843 2296 scripta
874 2241 1114 2283 devotorum
1144 2242 1325 2283 filiorum
1355 2244 1605 2290 vestrorum,
1647 2254 1747 2294 quo-

166 2297 346 2340 rundam
374 2297 563 2340 videlicet
593 2299 896 2353 episcoporum,
928 2301 1069 2340 tamen
1100 2299 1261 2341 devotio
1292 2301 1434 2340 nostra
1465 2299 1572 2340 circa
1602 2311 1673 2340 vos
1705 2301 1746 2340 et

168 2357 473 2398 sacrosanctam
522 2358 698 2398 matrem
751 2359 937 2398 nostram
982 2358 1214 2399 Romanam
1260 2357 1502 2398 aecclesiam
1546 2356 1744 2409 languere

166 2427 248 2456 non
285 2413 445 2463 debuit,
484 2414 584 2466 quin
614 2414 901 2456 celsitudinem
930 2417 1113 2457 vestram
1144 2414 1194 2456 de
1224 2415 1348 2456 rebus
1379 2414 1557 2456 maxime
1590 2414 1641 2455 ad
1672 2427 1744 2456 vos

167 2470 468 2526 pertinentibus
500 2471 639 2525 aliqua
669 2485 717 2513 ex
746 2474 863 2527 parte
893 2485 1243 2527 premoneremus.
1303 2472 1357 2514 Et
1386 2471 1675 2525 unusquisque
1704 2472 1747 2513 in

169 2541 243 2571 suo
274 2541 400 2570 sensu
430 2529 625 2571 abundat.

282 2585 623 2628 Pervenientibus
652 2587 770 2629 nobis
802 2587 965 2642 Spiram
996 2587 1038 2628 in
1067 2587 1204 2629 reditu
1236 2600 1260 2629 a
1288 2587 1414 2637 vobis,
1446 2588 1601 2629 occurit
1631 2588 1747 2630 nobis

168 2643 280 2686 fama
310 2644 421 2686 omni
452 2644 595 2686 auditu
626 2645 876 2696 horribilior,
917 2645 1028 2687 omni
1068 2645 1176 2686 furia
1213 2645 1452 2694 terribilior,
1495 2645 1603 2698 quod
1634 2646 1744 2687 vide-

167 2701 262 2743 licet
300 2701 428 2743 tercia
465 2701 538 2743 illa
575 2702 638 2743 die
677 2702 726 2744 de
763 2703 841 2744 hac
878 2703 964 2744 vita
1001 2702 1223 2756 migrasset
1253 2703 1516 2744 dulcissimus
1548 2716 1594 2744 ac
1624 2703 1745 2745 devo-

165 2758 352 2801 tissimus
398 2759 509 2800 filius
554 2761 711 2810 vester,
758 2760 1048 2802 serenissimus
1092 2760 1301 2814 quondam
1345 2761 1629 2802 Romanorum
1673 2774 1744 2802 rex

168 2815 423 2859 Cuonradus.
500 2816 701 2859 Dubitare
759 2830 842 2859 non
899 2820 1059 2872 oportet
1117 2820 1191 2859 aut
1241 2830 1411 2871 querere
1462 2817 1742 2860 sinceritatem

168 2875 366 2924 vestram,
405 2875 587 2927 quantus
628 2874 742 2916 dolor
779 2875 937 2918 animos
975 2877 1137 2917 nostros
1176 2875 1403 2930 pervaserit
1445 2875 1494 2916 de
1526 2876 1746 2917 amissione
