2098 3432
406 314 461 355 50

404 427 518 467 rante
548 426 697 479 pariter
726 427 899 467 tractare
931 439 976 467 ac
1006 426 1215 480 disponere
1245 425 1469 475 valeamus,
1507 439 1579 480 per
1608 439 1711 480 quae
1741 440 1819 482 pax
1849 440 1938 470 aec-

405 482 621 523 clesiarum
651 484 691 523 et
721 483 962 523 christianae
992 482 1195 535 religionis
1217 482 1311 523 ordo
1333 483 1520 535 congruis
1539 484 1794 536 provectibus
1816 497 1938 538 auge—

405 540 498 578 atur
538 540 578 578 et
615 538 728 590 regni
767 539 882 579 nobis
922 551 945 579 a
973 539 1059 579 Deo
1097 538 1273 579 concessi
1312 539 1445 579 status
1483 551 1575 579 cum
1613 540 1741 580 nostri
1775 541 1938 583 honoris

404 594 651 635 incremento
688 595 896 647 oportunis
935 595 1104 635 decretis
1142 595 1336 635 firmetur.
1393 595 1447 634 Et
1477 594 1668 646 quoniam
1698 596 1739 636 in
1769 597 1938 639 articulo

402 650 657 702 profectionis
677 653 838 691 nostrae
859 651 972 692 nulla
987 651 1100 692 nobis
1120 650 1327 703 prolixitas
1348 650 1540 704 temporis
1558 651 1749 704 suppetit,
1767 652 1810 693 in
1826 655 1940 695 sexta

403 706 511 755 feria,
533 718 635 758 quae
652 707 694 746 in
708 707 940 760 paschalem
957 706 1214 760 eptomadam
1228 706 1400 747 habetur
1415 706 1497 759 (18.
1511 706 1654 760 April),
1669 707 1937 750 desideratam

402 761 545 802 faciem
565 764 742 803 vestram
763 763 870 816 apud
890 763 1155 815 Argentinam
1174 762 1308 803 videre
1329 763 1527 815 optamus.
1574 761 1749 814 Legatos
1769 767 1939 816 nostros,

402 818 507 858 viros
528 819 668 870 utique
697 819 916 871 prudentes
947 822 988 860 et
1017 819 1210 859 discretos
1241 830 1287 859 ac
1308 820 1469 859 sanctae
1489 818 1696 860 Romanae
1723 821 1939 863 aecclesiae

401 874 595 926 regnique
626 876 825 915 amatores
857 887 902 916 ac
930 875 1045 916 nobis
1075 874 1322 924 carissimos,
1351 874 1582 915 Bucconem
1610 875 1796 917 videlicet
1822 877 1940 919 Wor-

401 930 644 971 maciensem
685 931 938 984 episcopum,
978 931 1246 972 Anshelmum
1274 931 1668 982 Havelebergensem
1696 932 1939 986 episcopum,

401 986 634 1027 Wiboldum
657 986 937 1028 Corbeiensem
960 988 1158 1035 abbatem,
1178 988 1335 1027 vestrae
1357 986 1578 1027 sinceritati
1598 989 1938 1039 commendamus,

404 1044 451 1083 ut
473 1054 530 1091 ea,
560 1055 663 1094 quae
684 1043 795 1084 vobis
826 1043 1008 1092 dixerint,
1038 1045 1251 1095 tamquam
1281 1043 1331 1084 ab
1360 1055 1426 1084 ore
1455 1045 1592 1083 nostro
1624 1043 1798 1086 audiatis
1828 1047 1869 1086 et
1896 1046 1937 1086 in

400 1099 520 1139 rebus
565 1100 727 1139 sanctae
763 1099 970 1140 Romanae
1010 1098 1200 1140 ecclesiae
1238 1103 1278 1140 et
1313 1099 1427 1152 regni
1462 1111 1555 1139 cum
1593 1100 1650 1140 eis
1687 1099 1940 1143 familiariter

400 1156 576 1195 tractare
607 1167 654 1195 ac
683 1155 892 1208 disponere
921 1169 1002 1196 non
1031 1155 1229 1196 abnuatis.

399 1354 496 1409 ΧΙΧ.
540 1354 688 1409 Aufruf
716 1354 794 1409 Abt
834 1354 1067 1410 Bernhards
1100 1369 1136 1408 v.
1172 1354 1385 1410 Glairvaux
1420 1369 1510 1409 zum
1544 1334 1942 1424 Kreuzzugc’wider

888 1431 953 1486 dio
986 1430 1176 1494 Wenden,
1210 1431 1322 1486 Marz
1355 1431 1463 1486 1147.

789 1525 942 1567 OEoczek,
969 1524 1049 1559 Cod.
1075 1525 1247 1559 Moraviac
1273 1525 1301 1567 1,
1328 1525 1551 1569 253—55.)*)

493 1598 589 1642 [Otto
614 1599 701 1632 Fris.
729 1598 835 1632 Gesta
859 1599 887 1637 Ι,
913 1610 941 1634 c.
968 1602 1032 1633 42:
1075 1599 1222 1633 Saxones
1246 1610 1341 1641 vero,
1368 1599 1449 1644 quia
1473 1599 1641 1644 quasdam
1667 1601 1788 1642 gentes
1812 1600 1940 1645 spurci-

400 1645 462 1679 ciis
480 1645 644 1679 idolorum
664 1645 799 1678 deditas
826 1645 953 1679 vicinas
980 1646 1118 1686 habent,
1145 1645 1189 1679 ad
1207 1644 1380 1679 Orientem
1404 1645 1573 1690 proficisci
1600 1645 1799 1688 abnuentes,
1824 1657 1940 1680 cruces

401 1692 522 1725 itidem
547 1691 683 1725 casdem
709 1694 830 1734 gentes
854 1692 943 1725 bello
969 1691 1209 1736 attemptaturi
1235 1693 1511 1736 assumpserunt,
1547 1702 1567 1724 a
1591 1692 1720 1725 nostris
1744 1691 1779 1726 in
1803 1692 1868 1727 hoc
1892 1693 1942 1726 di-

402 1739 555 1780 stantes,
589 1738 679 1782 quod
710 1749 775 1771 non
811 1738 1012 1782 simpliciter
1044 1738 1196 1772 vestibus
1222 1740 1377 1780 assutae,
1411 1738 1470 1771 sed
1503 1749 1523 1771 a
1550 1739 1628 1771 rota
1652 1738 1883 1783 subterposita
1905 1739 1941 1773 in

399 1784 509 1818 altum
534 1784 853 1829 protendebantur]

510 1858 695 1900 Dominis
717 1862 757 1899 et
778 1859 962 1912 patribus
983 1859 1215 1900 reuerendis
1246 1858 1552 1912 archiepiscopis
1582 1858 1807 1911 ceterisque
1836 1859 1943 1913 epis·

398 1914 506 1968 copis
537 1916 578 1955 et
606 1915 854 1968 principibus
885 1917 926 1956 et
955 1915 1155 1956 uniuersis
1184 1914 1371 1955 fidelibus
1402 1914 1466 1955 dei
1494 1914 1774 1968 B(ernardus),
1804 1914 1942 1957 Clara-

399 1971 591 2012 uallensis
635 1973 801 2012 vocatus
847 1972 987 2021 abbas,
1032 1971 1220 2024 spiritum
1263 1970 1514 2011 fortitudinis
1556 1974 1597 2011 et
1634 1971 1788 2012 salutis.
1845 1970 1938 2012 Non

398 2027 553 2076 dubito,
592 2028 690 2080 quin
722 2027 906 2068 auditum
937 2027 990 2068 sit
1018 2029 1059 2068 in
1090 2029 1198 2068 terra
1227 2028 1362 2068 vestra
1392 2030 1432 2068 et
1462 2026 1608 2067 celebri
1638 2039 1822 2068 sermone
1850 2027 1940 2069 vul-

399 2085 561 2135 gatum,
601 2084 800 2135 quomodo
831 2084 1091 2125 suscitauerit
1121 2083 1306 2136 spiritum
1338 2095 1481 2135 regum
1512 2083 1612 2124 deus
1642 2084 1683 2123 et
1710 2083 1940 2138 principum

396 2139 446 2179 ad
487 2139 711 2180 faciendam
749 2140 969 2181 vindictam
1006 2141 1048 2180 in
1086 2139 1315 2180 nationibus
1354 2140 1395 2180 et
1433 2138 1711 2192 exstirpandas
1750 2138 1800 2180 de
1829 2141 1939 2181 terra

396 2195 605 2236 christiani
642 2196 827 2237 nominis.
881 2197 1078 2249 Magnum
1108 2196 1279 2245 bonum,
1322 2207 1472 2248 magna
1501 2195 1636 2236 diuine
1665 2195 1937 2237 miserationis

396 2252 560 2292 ubertas
571 2253 608 2292 ἃ),
657 2252 978 2305 Verumptamen
998 2252 1107 2293 videt
1127 2252 1202 2292 hoc
1222 2251 1425 2304 malignus
1457 2252 1497 2292 et
1526 2251 1684 2292 inuidet
1711 2264 1822 2292 more
1853 2264 1937 2299 suo,

393 2307 551 2348 frendet
580 2308 767 2350 dentibus
799 2311 839 2349 et
858 2309 1068 2358 thabescit,
1097 2308 1248 2348 multos
1279 2307 1475 2348 ammittit
1505 2320 1551 2348 ex
1571 2307 1660 2356 hiis,
1691 2320 1791 2360 quos
1812 2307 1934 2349 variis

395 2363 629 2405 criminibus
669 2367 708 2406 et
753 2365 968 2406 sceleribus
1012 2364 1210 2417 obligatos
1253 2364 1436 2412 tenebat,
1480 2363 1743 2417 perditissimi
1784 2363 1934 2416 quique

515 2477 549 2521 a)
574 2477 648 2512 Den
674 2477 791 2511 Punkt
826 2487 883 2510 vor
907 2469 1072 2520 Magnum
1097 2487 1130 2510 n.
1157 2475 1220 2509 das
1244 2475 1390 2509 Komma
1414 2474 1502 2509 nach
1526 2475 1652 2508 bonum
1676 2474 1765 2509 habe
1789 2475 1845 2509 ich
1868 2475 1937 2510 ein-

422 2526 540 2559 esetzt.

398 2536 422 2568 g
512 2570 542 2614 *)
560 2570 692 2604 Boczok
717 2569 794 2613 gibt
811 2569 921 2602 dieses
939 2568 1122 2602 Schreiben
1139 2567 1227 2602 nach
1245 2567 1353 2601 einem
1370 2566 1686 2610 Pergamentkodex
1703 2566 1762 2600 des
1782 2569 1834 2602 14.
1851 2567 1934 2602 Jhd.

394 2617 441 2651 im
461 2616 719 2661 Kapitelarchiv
737 2627 775 2649 zu
794 2615 951 2656 Olmiitz;
981 2625 1018 2648 er
1034 2614 1170 2648 bezieht
1187 2613 1342 2647 dassclbe
1368 2612 1565 2647 irrtiimlich
1597 2612 1657 2646 auf
1678 2612 1743 2646 den
1757 2612 1936 2657 Kreuzzug

394 2663 483 2697 nach
514 2663 590 2696 dem
623 2662 671 2696 hl.
697 2661 824 2695 Lando.
872 2661 950 2704 Vgl.
976 2661 1060 2694 iiber
1084 2660 1240 2694 dasselbe
1266 2658 1489 2693 Giesebrecht
1512 2659 1580 2701 IV,
1615 2661 1681 2693 259
1705 2659 1728 2694 f.
1754 2669 1787 2704 u„
1812 2658 1935 2700 Anm.;

396 2708 589 2743 Bernhardi
627 2719 656 2743 a.
684 2719 713 2743 a.
740 2707 779 2742 Ο.
811 2707 845 2742 S.
873 2710 938 2740 549
963 2718 995 2741 u.
1022 2706 1076 2740 dic
1101 2706 1217 2740 friiher
1242 2705 1398 2739 citierten
1424 2704 1704 2749 Monographien.
1751 2697 1845 2739 Uber
1869 2705 1934 2740 den

397 2755 541 2790 Verlauf
563 2755 622 2788 des
642 2754 980 2796 Wondenkreuzzugs
999 2751 1222 2787 Giesebrecht
1237 2751 1299 2793 IV,
1325 2754 1391 2785 296
1417 2751 1450 2786 ff.
1477 2763 1509 2785 u.
1536 2750 1730 2784 Bernhardi
1754 2750 1788 2785 S.
1807 2753 1873 2786 563
1898 2751 1932 2786 ff.

402 2823 438 2826 -
466 2800 565 2835 Auch
591 2801 700 2845 Papst
723 2800 842 2843 Eugen
867 2799 931 2833 III.
962 2799 1112 2833 forderte
1138 2798 1199 2832 das
1223 2797 1479 2832 Un‘oernehmen
1505 2797 1613 2830 durch
1637 2797 1712 2831 eine
1734 2796 1834 2831 Bulle
1858 2808 1933 2831 vom

398 2851 450 2882 11.
468 2846 567 2892 April
587 2849 674 2882 1147
693 2845 806 2890 (Jaffe,
831 2845 916 2888 Reg.
935 2845 1034 2879 Pont.
1060 2855 1112 2878 nr.
1131 2844 1246 2887 6297).
1271 2864 1315 2868 —
1340 2843 1413 2877 Das
1430 2843 1594 2877 Manifest
1617 2842 1752 2876 scheint
1775 2843 1836 2877 auf
1857 2843 1934 2877 dem

397 2893 605 2937 Reichstage
639 2904 680 2926 zu
704 2891 891 2926 Frankfurt
924 2891 959 2925 in
995 2891 1055 2925 der
1087 2890 1226 2924 zweiten
1250 2889 1370 2923 Halfte
1403 2889 1462 2923 des
1495 2889 1590 2922 Marz
1626 2891 1712 2923 1147
1748 2889 1933 2932 abgefasst.

1982 1894 1984 1897 ψ
2076 1806 2098 1945 Ξ

2072 1974 2093 2027 3
