2098 3432
447 318 525 358 196

442 429 654 482 sponsione
697 427 805 468 facta
843 429 882 468 et
921 427 970 468 de
1009 428 1252 480 cogitacione
1295 427 1446 468 domini
1486 426 1739 480 imperatoris
1778 426 1815 467 ei
1855 438 1976 479 oppo-

440 497 640 525 neremus.
698 483 971 524 Nihilominus
1007 485 1146 524 tamen
1176 496 1249 536 ego
1280 496 1373 524 cum
1403 496 1448 524 eo
1477 483 1670 536 processi,
1708 484 1799 522 tum
1827 494 1879 522 ne
1909 494 1976 523 ex-

442 541 708 594 peditionem,
747 552 871 591 quam
899 540 1122 589 iuraverat,
1164 540 1300 592 aliqua
1338 540 1682 580 animadversione
1712 537 1973 591 prepedirem,

443 601 532 637 tum
562 598 609 637 ut
638 608 778 637 omnes
809 596 894 636 eius
925 598 1066 636 contra
1094 608 1242 649 papam
1272 595 1590 636 machinationes
1620 595 1784 635 interim
1812 593 1974 646 penitus

442 652 688 705 impedirem.
747 651 904 702 Quarta
942 664 1035 703 ergo
1076 652 1138 692 die
1177 664 1200 692 a
1230 651 1428 693 Cremona
1458 651 1672 692 Venetiam
1705 650 1819 691 nobis
1850 649 1978 703 appli—

442 709 637 757 cantibus,
669 707 861 760 applicuit
881 707 1002 748 simul
1023 709 1064 748 et
1082 720 1219 748 rumor
1239 707 1307 748 ille
1338 707 1386 748 de
1414 707 1654 761 patriarcha.
1701 705 1820 747 Unde
1850 706 1978 746 letata

443 766 505 805 est
525 764 768 805 Rollandina
803 763 1071 813 cardinalitas,
1103 776 1206 816 quae
1237 764 1291 804 ibi
1311 763 1492 804 habitare
1514 762 1774 815 consuevit.*)
1803 762 1978 803 Econtra

444 833 534 873 ego,
573 819 815 860 mirantibus
847 831 967 872 super
995 820 1072 860 hoc
1099 820 1283 868 Venetis,
1314 819 1509 860 seminavi
1538 830 1740 867 rumores,
1771 818 1888 870 quasi
1917 817 1978 858 in-

443 877 604 928 geniose
641 878 681 916 et
716 875 766 916 ad
807 875 1090 928 temptandam
1130 878 1289 929 partem
1327 875 1539 917 adversam
1569 875 1788 927 imperator
1815 875 1892 915 hoc
1919 874 1978 914 ita

442 933 527 973 fieri
548 932 778 973 decreverit.
826 931 944 972 Unde
965 944 1094 984 usque
1116 945 1226 973 nunc
1245 931 1511 973 infortunium
1531 932 1719 971 nostrum
1747 929 1979 971 huiusmodi

443 989 647 1041 figmentis
678 988 786 1041 apud
818 987 996 1029 Venetos
1024 988 1227 1041 palliatur.

555 1045 706 1085 Habita
735 1043 877 1084 deinde
906 1044 1012 1084 inter
1040 1044 1314 1097 patriarcham
1335 1045 1375 1084 et
1395 1042 1619 1084 cardinales
1640 1042 1689 1084 de
1710 1041 1976 1084 coadunanda

445 1101 612 1141 ecclesia
641 1100 704 1141 dei
732 1113 804 1153 per
832 1100 1103 1141 internuntios
1134 1102 1175 1141 et
1203 1113 1284 1141 non
1302 1112 1375 1153 per
1391 1099 1557 1152 seipsos
1588 1098 1880 1147 exhortacione,
1908 1109 1980 1150 per

443 1157 611 1210 pelagus
632 1157 708 1197 iter
727 1156 934 1197 tenuimus
956 1169 1096 1197 versus
1121 1156 1360 1208 Aquileiam,
1391 1155 1593 1208 simulque
1622 1155 1833 1195 nobiscum
1852 1153 1980 1206 H(en-

443 1213 567 1266 ricus)
597 1212 835 1253 Karinthiae
866 1212 947 1252 dux
975 1212 1156 1253 illustris.
1201 1212 1441 1264 Mutatoque
1471 1211 1512 1251 in
1541 1211 1684 1252 itinere
1714 1210 1877 1252 consilio
1907 1221 1980 1261 ego

446 1272 486 1310 et
515 1269 746 1322 patriarcha
774 1280 846 1321 per
874 1268 1042 1320 paludes
1069 1281 1210 1310 versus
1241 1268 1504 1308 Tarvisium³>
1525 1267 1757 1320 giravimus,
1787 1266 1868 1306 dux
1887 1277 1980 1306 vero

446 1329 608 1379 ceptum
646 1325 725 1365 iter
760 1336 976 1378 peragens,
1013 1337 1106 1365 cum
1144 1337 1284 1366 omnes
1325 1324 1387 1364 sui
1416 1323 1509 1364 forti
1538 1323 1697 1375 navigio
1727 1322 1980 1369 veherentur,

446 1382 530 1435 ipse
574 1381 615 1421 in
659 1381 856 1429 navicula,
886 1383 1122 1433 segregatus
1159 1393 1182 1421 a
1219 1380 1303 1421 suis
1343 1380 1540 1429 omnibus,
1580 1391 1604 1420 a
1633 1380 1807 1431 quatuor
1844 1377 1980 1418 nautis

445 1438 637 1478 Venetias
681 1436 896 1477 ferebatur.
963 1436 1147 1488 Cumque
1186 1440 1350 1489 portum
1387 1435 1650 1476 transfretare
1687 1434 1869 1483 deberet,
1912 1433 1982 1474 ubi

446 1494 598 1534 flumen
627 1493 928 1533 Taliamentum
939 1494 966 1526 b)
997 1493 1039 1532 in
1067 1505 1178 1533 mare
1209 1492 1462 1541 decurrebat,
1501 1491 1755 1532 estuantibus
1784 1489 1904 1531 undis
1935 1501 1982 1529 ex

446 1550 648 1591 collisione
689 1549 813 1589 maris
853 1551 894 1589 et
922 1548 1124 1589 fluctuum
1152 1549 1329 1602 impetu,
1369 1548 1450 1588 dux
1487 1547 1554 1588 ille
1583 1547 1747 1588 inclitus
1777 1558 1870 1587 cum
1898 1546 1983 1586 vita

446 1606 598 1659 pariter
618 1607 659 1645 et
677 1605 771 1646 navi
790 1606 932 1658 pelago
955 1607 1015 1645 est
1036 1605 1327 1656 involutus.**)
1375 1603 1408 1645 Ο
1430 1603 1654 1644 fortunium
1665 1604 1689 1636 0)
1709 1604 1796 1643 tam
1815 1601 1982 1642 miserae

448 1663 525 1703 bile
547 1674 671 1714 quam
691 1661 892 1702 mirabile!
923 1660 1055 1711 Quem
1074 1673 1204 1714 nuper
1226 1661 1398 1702 missum
1416 1660 1458 1700 in
1481 1659 1667 1701 Greciam
1680 1659 1777 1708 ***)
1805 1657 1901 1699 foris
1921 1658 1983 1698 tot

450 1720 587 1759 extera
615 1718 745 1758 maria
775 1719 1052 1766 servaverant,
1091 1717 1199 1758 domi
1227 1717 1382 1770 patriae
1411 1716 1564 1756 fiumen
1595 1714 1819 1762 absorbuit3
1859 1713 1929 1766 qui
1959 1725 1983 1754 a

446 1776 552 1816 vitae
592 1774 805 1814 cunabulis
841 1786 1053 1826 nunquam
1091 1786 1114 1813 a
1152 1773 1236 1814 suis
1275 1773 1384 1814 solus
1424 1774 1486 1812 est
1523 1772 1732 1820 inventus,
1769 1770 1813 1811 in
1841 1769 1983 1810 mortis

447 1830 632 1872 navicula
652 1830 834 1870 omnium
856 1843 1021 1871 suorum
1051 1829 1194 1870 unicus
1223 1829 1344 1870 morti
1374 1830 1436 1869 est
1465 1828 1696 1882 deputatus.
1743 1826 1830 1867 Nec
1856 1826 1983 1866 latere

451 1900 520 1928 vos
555 1887 683 1935 debet,
715 1886 823 1938 quod
843 1887 960 1927 tanta
980 1886 1121 1927 diebus
1151 1885 1230 1926 illis
1259 1885 1475 1925 fluminum
1506 1884 1734 1925 excreverat
1761 1881 1984 1930 inundatio,

449 1945 604 1996 quanta
642 1942 756 1982 nulla
794 1942 1006 1983 hominum
1045 1942 1240 1982 memoria
1277 1940 1486 1994 reperitur.
1543 1940 1662 1982 Unde
1692 1939 1771 1980 nisi
1801 1938 1986 1990 Sigeber-

450 1999 586 2052 gensis
615 1998 834 2052 profuisset
863 1999 1000 2048 oratio,
1031 2011 1104 2051 ego
1133 1997 1240 2038 filius
1272 2029 1280 2038 .
1310 2029 1319 2037 .
1349 2028 1357 2037 .
1528 2028 1536 2037 .
1567 2028 1576 2037 .
1606 2028 1614 2037 .
1710 1994 1900 2047 (Lfickel)

560 2054 718 2095 firmavi
755 2055 961 2107 telamque
1003 2055 1039 2095 ei
1079 2054 1209 2103 texui,
1248 2065 1372 2106 quam
1407 2053 1485 2094 nisi
1520 2065 1592 2106 per
1628 2051 1804 2092 multam
1834 2049 1986 2091 domini

450 2110 704 2164 imperatoris
747 2112 788 2150 et
817 2111 968 2151 domini
998 2123 1124 2164 papae
1157 2110 1329 2162 gratiam
1359 2109 1512 2150 solvere
1541 2121 1622 2150 non
1651 2107 1810 2161 poterit.
1865 2105 1986 2148 Unde

451 2170 614 2209 coactus
643 2167 802 2208 litteras
833 2167 1082 2208 obedientiae
1112 2179 1242 2219 nuper
1272 2165 1433 2218 scripsit
1464 2165 1514 2205 ad
1544 2176 1703 2218 papam.
1763 2162 1881 2213 Quod
1909 2161 1985 2202 etsi

453 2225 506 2265 sit
524 2236 672 2271 carum,
695 2224 834 2264 tamen
845 2225 890 2272 d),
921 2222 1159 2275 quiafefellit
1180 2224 1221 2262 et
1240 2222 1426 2270 tardavit,
1456 2233 1558 2274 pene
1578 2221 1626 2261 fit
1646 2221 1864 2273 ingratum.
1892 2217 1987 2258 Dux

453 2283 591 2321 autem
628 2291 774 2320 novem
811 2280 952 2320 diebus
995 2280 1070 2320 sub
1101 2291 1208 2331 aqua
1238 2279 1454 2326 volutatus,
1493 2277 1648 2318 decima
1677 2288 1701 2317 a
1728 2274 1896 2316 Venetis
1924 2285 1988 2314 re-

452 2339 591 2390 pertus
622 2338 663 2376 et
691 2335 731 2375 in
763 2336 942 2385 civitate,
974 2347 1077 2387 quae
1108 2335 1359 2387 Caberloge0>
1395 2333 1551 2382 dicitur,
1581 2333 1764 2386 sepultus
1795 2332 1876 2380 est,
1915 2328 1987 2370 sed

452 2406 522 2446 per
566 2404 630 2432 me
672 2393 713 2432 et
742 2391 1066 2446 E(ngelbertum)
1106 2391 1295 2432 comitem
1334 2389 1543 2442 Aquileiae
1581 2390 1668 2429 tam
1706 2399 1823 2441 prece
1862 2397 1988 2438 quam

568 2515 601 2554 a)
626 2511 781 2553 Trevis03
805 2511 841 2554 b)
856 2510 1114 2554 Tagliament0;
1139 2510 1235 2554 c)nr.
1252 2511 1289 2543 2:
1315 2509 1558 2551 infortunium;
1586 2507 1622 2552 d)
1636 2518 1687 2542 nr.
1705 2510 1742 2541 l:
1766 2508 1852 2548 tum,
1882 2515 1934 2540 nr.
1950 2506 1988 2538 2:

455 2563 570 2593 tamen
596 2560 687 2593 statt
718 2568 846 2599 carum,
877 2559 970 2599 tum3
995 2557 1026 2600 e)
1059 2556 1187 2590 Caorle.

571 2606 605 2643 *)
643 2603 835 2638 Alexander
874 2603 1026 2636 schreibt
1065 2614 1119 2636 am
1165 2605 1218 2636 ⁵25».
1256 2602 1446 2636 November
1486 2603 1572 2636 1178
1619 2599 1715 2643 (cod.
1753 2598 1835 2643 dipl.
1872 2597 1985 2632 Croat.

455 2655 490 2686 et
520 2652 632 2686 Dalm.
658 2651 704 2693 H,
742 2652 803 2684 107
829 2650 882 2691 f.):
928 2649 1072 2683 Venetia
1113 2649 1149 2682 in
1195 2648 1328 2682 unitate
1367 2647 1527 2681 ecclesiae
1563 2644 1785 2680 laudabiliter
1819 2643 1920 2678 stetit
1955 2644 1991 2677 et
2051 2640 2054 2643 ’

456 2699 522 2732 fuit
569 2697 738 2731 civitas
786 2695 958 2739 refugii
1006 2694 1171 2740 episcopis
1220 2696 1255 2727 et
1303 2694 1380 2728 aliis
1419 2693 1580 2727 ecclesiae
1620 2691 1800 2737 praelatis,
1849 2689 1908 2734 qui
1948 2689 1991 2722 de

456 2743 676 2785 Lombardia,
713 2742 838 2776 Tuscia
869 2743 904 2775 et
927 2741 1082 2775 Marchia
1116 2752 1136 2774 a
1170 2740 1307 2774 sedibus
1338 2740 1482 2785 propriis
1514 2739 1667 2773 instante
1702 2737 1886 2771 schismate
1908 2735 1991 2769 illue

458 2791 623 2824 divertere
649 2789 837 2823 voluerunt.
899 2788 950 2832 **)
972 2787 1255 2833 Vgl.“Clironicoii
1280 2787 1378 2820 breve
1403 2797 1477 2830 epp.
1499 2786 1642 2828 August.
1668 2786 1704 2818 et
1727 2783 1803 2817 abb.
1825 2781 1858 2816 S.
1876 2781 1990 2824 Afrae,

458 2837 503 2871 M.
531 2836 571 2871 G.
597 2836 654 2869 SS.
682 2835 779 2877 XIII,
807 2835 894 2868 278!
947 2834 1019 2876 ***)
1042 2834 1135 2867 Uber
1160 2834 1214 2866 die
1241 2832 1511 2866 Gesandtschaft
1535 2831 1669 2874 Herzog
1694 2828 1876 2863 Heinrichs
1900 2827 1990 2861 nach

459 2881 709 2917 Griechenland
735 2881 800 2924 vgl.
829 2881 1004 2924 Ragewin,
1031 2879 1138 2914 Gesta
1151 2879 1243 2913 Frid.
1260 2879 1319 2920 IV,
1346 2890 1373 2912 e.
1389 2881 1444 2912 8-1.
