2098 3432
454 317 533 355 144

450 427 630 475 ducibus,
659 425 971 476 marchionibus,
1002 426 1217 468 comitibus
1234 429 1274 467 et
1294 428 1461 469 caeteris
1475 428 1722 482 principibus
1743 432 1784 471 et
1799 429 1983 484 egregiae

448 482 624 523 familiae
644 481 855 535 imperiali,
878 482 921 522 in
940 482 1214 523 sacratissima
1236 483 1348 524 curia
1362 483 1498 525 domni
1517 485 1711 527 Friderici
1739 485 1984 528 serenissimi

450 597 491 635 et
521 594 784 647 apostolicam
812 594 1145 636 benedictionem.

559 649 694 700 Quam
725 652 765 691 et
793 650 835 690 in
866 653 1066 702 quantum
1096 653 1137 691 et
1166 651 1438 692 aecclesiastici
1466 654 1600 693 status
1630 652 1815 694 decorem
1845 654 1887 695 et
1913 653 1985 696 ho-

448 719 590 747 norem
609 706 784 747 Romani
808 706 966 759 imperii
997 710 1037 747 et
1065 707 1320 748 nobilitatem
1350 708 1532 749 omnium
1559 709 1758 750 bonorum
1787 710 1983 751 hactenus

449 762 601 803 sincere
638 762 896 803 dilexerimus
935 764 977 803 et
1014 775 1118 815 quae
1160 771 1328 804 mutuae
1358 764 1545 805 karitatis
1595 765 1677 806 sint
1706 765 1878 807 invicem
1906 765 1985 807 fre-

448 820 619 871 quenter
658 818 845 867 exhibita,
897 831 1160 871 nequaquam
1196 819 1396 860 credimus
1434 832 1458 861 a
1486 823 1644 862 vestrae
1693 821 1984 874 magnitudinis

449 875 641 916 excidisse
684 875 889 916 memoria.
947 875 1068 916 Nunc
1109 877 1248 916 autem
1293 879 1405 917 tanto
1448 876 1716 930 propensioris
1760 877 1984 919 dilectionis

448 930 664 972 efficatiam
693 931 805 972 vobis
827 934 867 972 et
886 931 1054 984 imperio
1076 931 1261 985 cupimus
1291 932 1486 982 exhibere,
1517 934 1670 985 quanto
1699 933 1787 974 Deo
1818 934 1984 974 auctore

449 987 499 1027 ad
529 987 725 1028 maiorem
755 987 1062 1028 conscendimus
1092 987 1344 1040 dignitatem.
1390 987 1646 1042 Quapropter
1673 989 1983 1031 universitatem

446 1046 635 1093 vestram,
667 1042 715 1084 de
746 1055 827 1095 qua
855 1044 973 1097 plene
1003 1043 1254 1093 confidimus,
1281 1045 1504 1097 plurimum
1533 1045 1806 1098 deprecamur,
1835 1047 1884 1086 ut
1911 1057 1983 1099 pro

447 1100 555 1140 beati
577 1099 689 1140 Petri
710 1100 988 1153 apostolorum
1006 1099 1196 1153 principis
1216 1101 1442 1141 reverentia
1471 1102 1512 1142 et
1541 1101 1732 1154 antiquae
1761 1101 1985 1142 dilectionis

448 1156 677 1196 constantia
678 1187 702 1210 >
739 1168 842 1208 quae
878 1156 985 1196 inter
1020 1168 1096 1196 nos
1135 1156 1421 1198 inviolabiliter
1455 1169 1712 1210 perseverare
1751 1157 1985 1207 dinoscitur,

448 1211 643 1252 domnum
667 1211 955 1265 imperatorem
970 1211 1281 1253 invictissimum
1297 1213 1588 1254 commonendo
1603 1213 1766 1266 rogetis,
1790 1213 1983 1266 quatinus

448 1268 617 1321 imperio
639 1267 714 1308 sibi
731 1280 755 1308 a
775 1268 910 1309 divina
930 1268 1145 1309 clementia
1173 1269 1388 1310 commisso
1410 1270 1451 1310 et
1473 1269 1687 1310 aecclesiae
1707 1269 1794 1318 Dei,
1811 1281 1983 1323 sponsae

447 1324 572 1365 Ihesu
587 1323 749 1373 Christi,
770 1324 885 1365 cuius
907 1324 1126 1366 advocatus
1148 1327 1188 1365 et
1209 1324 1394 1366 defensor
1423 1325 1616 1366 divinitus
1646 1326 1709 1366 est
1728 1325 1986 1375 constitutus,

447 1380 656 1434 providere
678 1381 719 1421 et
748 1380 960 1422 subvenire
988 1393 1071 1421 non
1100 1380 1244 1430 tardet,
1273 1393 1325 1421 ne
1354 1381 1397 1421 in
1426 1384 1542 1422 tanta
1571 1380 1771 1422 discordia
1799 1381 1986 1422 adversa-

447 1437 602 1477 riorum
630 1436 788 1477 malitia
830 1436 1017 1489 nequiter
1044 1439 1261 1490 prevalere,
1309 1437 1497 1478 navicula
1524 1437 1633 1478 beati
1661 1437 1773 1478 Petri
1800 1437 1986 1491 procellis

448 1495 488 1533 et
517 1492 829 1546 tempestatibus
869 1505 942 1534 suo
972 1494 1152 1546 tempore
1183 1493 1366 1546 quassari
1397 1496 1438 1534 et
1466 1493 1588 1535 decus
1618 1493 1824 1547 imperiale
1853 1493 1987 1535 valeat

451 1549 708 1601 aliquatenus
749 1548 986 1590 obnubilari.

556 1605 729 1658 Insuper
776 1605 1032 1646 universitati
1073 1606 1231 1646 vestrae
1275 1605 1444 1658 dignum
1483 1605 1675 1646 duximus
1703 1604 1986 1655 intimandum,

451 1661 625 1713 qualiter
641 1661 691 1702 ad
713 1661 963 1714 apostolatus
985 1660 1161 1702 officium
1179 1661 1353 1702 Domino
1371 1661 1611 1702 concedente
1628 1661 1759 1703 vocati
1779 1661 1985 1703 fuerimus.

448 1717 591 1758 Felicis
620 1717 837 1758 memoriae
866 1729 971 1771 papa
999 1717 1187 1767 Adriano,
1235 1717 1517 1771 predecessore
1554 1719 1706 1767 nostro,
1753 1717 1863 1759 viam
1897 1717 1988 1758 uni-

447 1785 587 1815 versae
631 1773 762 1814 carnis
805 1774 998 1826 ingresso,
1041 1774 1083 1814 in
1126 1773 1235 1814 beati
1263 1773 1375 1814 Petri
1418 1773 1584 1815 basilica
1626 1774 1850 1824 tumulato,
1893 1785 1988 1814 con-

448 1829 633 1871 venimus
664 1842 803 1871 omnes
842 1830 891 1871 de
932 1830 1125 1871 electione
1166 1830 1316 1870 summi
1359 1829 1565 1871 Pontificis
1605 1829 1829 1871 tractaturi.
1886 1829 1986 1870 Post

448 1886 613 1938 longam
655 1899 748 1927 vero
793 1886 1049 1927 collationem
1060 1886 1093 1938 a)
1143 1889 1183 1926 et
1224 1886 1423 1926 diutinam
1461 1886 1804 1936 deliberationem,
1853 1885 1988 1927 divina

449 1942 614 1982 tandem
643 1942 865 1996 inspirante
895 1942 1118 1991 clementia,
1155 1942 1416 1983 electione
1446 1942 1831 1983 venerabilium
1859 1941 1988 1983 frat-

448 2011 558 2038 rum
587 2000 889 2040 nostrorum
919 1999 1302 2052 episcoporum,
1338 1999 1775 2052 presbiterorum,
1819 1997 1987 2039 diaco-

447 2055 670 2108 norumb)
719 2057 939 2096 sanctae
987 2055 1242 2095 Romanae
1292 2054 1560 2096 aecclesiae
1609 2053 1988 2103 cardinalium,

448 2111 580 2151 cleri
629 2123 831 2163 quoque
868 2110 1158 2164 Romani*),
1208 2110 1470 2164 petitione
1515 2110 1748 2151 eiusdem
1788 2109 1986 2164 populi,

449 2215 675 2291 vqr{5nge..u·
703 2211 757 2246 die
793 2214 1002 2255 sogenannte
1026 2212 1297 2264 Verschworung
1334 2212 1393 2246 der
1406 2212 1569 2291 xssi-zilisch
1593 2211 1987 2292 geffinnffnGKarffnaffi

449 2268 539 2347 ἓξὲξ(
557 2258 1396 2348 eligeanssifrigffss2313{figeirifitffireilffississi
1434 2259 1614 2339 {¹432ssssssss
1637 2268 1714 2338 Ηέἕ
1743 2267 1987 2338 ωέθῖῗοὲθθω

446 2350 634 2402 ςθῑῑζίηηθιι,
661 2350 823 2403 deutlich,
850 2351 930 2384 dass
954 2362 991 2384 er
1014 2350 1088 2384 sich
1113 2350 1172 2384 des
1197 2350 1422 2385 kaiserlichen
1440 2350 1644 2384 Beistandes
1668 2349 1756 2384 noch
1779 2349 1987 2393 keineswegs

447 2396 620 2485 gesmhgt
632 2396 790 2477 (3332.th
813 2442 861 2476 ist
886 2442 940 2476 die
965 2443 1101 2477 collatio
1125 2442 1240 2477 meriti
1266 2443 1326 2477 der
1348 2442 1679 2487 Papstkandidaten,
1715 2441 1841 2476 welche
1878 2440 1986 2475 durch

448 2489 502 2523 die
527 2491 686 2533 spateren
711 2488 856 2523 Ordines
880 2489 1026 2523 Romani
1051 2489 1210 2523 verboten
1236 2489 1331 2523 wird.
1379 2489 1415 2533 b)
1444 2489 1476 2524 d.
1501 2489 1589 2522 fehlt
1611 2488 1666 2522 bei
1689 2487 1864 2532 Ragevvin,
1890 2486 1986 2521 steht

447 2536 528 2569 aber
557 2535 629 2588 'mit
652 2535 764 2569 Recht
798 2535 846 2568 im
882 2535 962 2570 Cod.
987 2535 1090 2570 Vind.
1138 2535 1216 2579 Vgl.
1244 2535 1306 2569 das
1330 2534 1677 2579 Eingangsprotokoll
1710 2534 1770 2568 des
1804 2532 1987 2577 folgenden

449 2581 730 2672 sehrelE)e¹llsl⁷!enn
753 2627 827 2661 hier
852 2638 883 2662 u.
909 2627 957 2660 im
980 2627 1160 2671 folgenden
1182 2627 1363 2661 Schreiben
1389 2638 1453 2660 von
1478 2626 1570 2660 einer
1594 2626 1714 2661 electio
1739 2625 1799 2660 des
1828 2625 1987 2660 niederen

447 2673 571 2708 Klerus
597 2674 651 2707 die
675 2673 769 2707 Rede
793 2674 851 2715 ist,
878 2684 913 2707 so
938 2673 1049 2707 haben
1074 2673 1202 2707 meines
1216 2673 1406 2707 Erachtens
1432 2673 1486 2706 die
1502 2672 1700 2706 Viktoriner
1724 2671 1834 2706 damit
1858 2671 1987 2706 keines-

447 2731 537 2763 wegs
575 2720 651 2754 dem
687 2719 845 2754 niederen
870 2719 994 2753 Klerus
1030 2719 1084 2753 ein
1116 2719 1265 2753 direktes
1290 2719 1492 2753 Wahlrecht
1531 2718 1750 2752 zuschreiben
1774 2717 1913 2760 wollen;
1951 2728 1987 2751 es

448 2766 582 2800 scheint
620 2766 687 2800 mir
719 2766 882 2800 vielmehr
905 2765 1070 2808 lediglich
1109 2765 1164 2799 die
1189 2765 1422 2808 Anschauung
1447 2776 1487 2798 zu
1513 2763 1652 2799 Grunde
1677 2775 1716 2798 zu
1740 2764 1864 2808 liegen,
1906 2763 1986 2797 dass

448 2812 502 2846 (lie
526 2812 686 2846 Vorwahl
711 2812 902 2855 (tractatio)
929 2811 989 2845 der
1012 2811 1199 2845 Kardinale
1224 2813 1296 2846 erst
1320 2811 1411 2845 dann
1448 2822 1489 2844 zu
1513 2811 1606 2845 einer
1629 2810 1831 2845 formlichen
1866 2809 1987 2844 electio

447 2858 568 2901 werde,
592 2858 672 2892 falls
698 2858 752 2892 die
766 2858 1005 2901 Zustimmung
1029 2858 1088 2892 des
1101 2857 1225 2892 Klerus
1249 2858 1452 2900 ffinzutrete,
1479 2856 1559 2891 dass
1584 2857 1656 2890 also
1682 2856 1736 2890 die
1749 2855 1988 2899 Zustimmung

449 2905 508 2939 des
525 2905 649 2939 Klerus
673 2904 905 2939 rechtlich
929 2915 978 2938 no
988 2905 1096 2938 twen
1108 2903 1183 2947 dig
1207 2904 1256 2938 sei
1274 2915 1315 2938 zu
1339 2904 1430 2938 einer
1446 2903 1593 2946 giltigen
1610 2902 1820 2947 Papstwahl.
1847 2901 1987 2947 Spricht
