2098 3432
447 343 529 382 252

445 452 594 494 illustri
631 452 715 504 regi
746 452 967 494 Grecorum
1007 454 1048 494 et
1083 453 1301 507 inperatori
1339 453 1482 495 dilecto
1520 454 1634 496 fratri
1674 468 1759 506 suo,
1799 456 1974 499 salutem

448 512 488 549 et
517 508 692 549 fraterne
730 508 952 550 dilectionis
992 509 1192 550 affectum.
1248 509 1584 551 Predecessorum
1618 514 1852 553 nostrorum
1886 512 1976 555 dive

447 564 638 605 memorie
667 564 944 617 inperatorum
975 565 1085 606 urbis
1115 566 1243 607 Rome
1272 566 1547 607 monarchiam
1577 567 1708 609 divino
1737 580 1904 610 munere
1933 570 1974 610 et

446 619 538 660 felix
575 620 748 661 obtinuit
783 620 949 662 victoria
988 633 1158 674 eamque
1187 621 1301 662 nobis
1330 634 1461 674 usque
1491 622 1541 662 ad
1570 623 1646 663 hec
1673 625 1856 677 tempora
1885 636 1976 666 suc-

446 676 596 716 cessive
626 677 890 728 potenterque
920 677 1157 726 transmisit,
1194 679 1241 717 ut
1278 690 1305 718 11
1318 690 1339 718 o
1352 690 1380 718 n
1415 690 1434 718 s
1445 691 1466 719 0
1477 678 1577 719 lum
1606 679 1879 720 Romanum
1906 679 1976 721 in-

445 732 642 784 perium
670 734 855 773 nostro
887 732 1192 786 disponatur
1220 733 1572 774 moderamine
1586 765 1595 783 ,
1625 747 1797 776 verum
1826 735 1976 777 etiam

444 800 656 839 regnum
687 788 870 829 Grecie
901 789 963 829 ad
991 790 1172 830 nutum
1200 791 1438 830 nostrum
1466 790 1577 842 regi
1607 792 1654 831 et
1683 791 1770 832 sub
1798 793 1975 833 nostro

445 845 543 895 gub
557 844 722 884 ernari
753 844 846 885 deb
860 857 879 885 e
894 847 945 885 at
964 845 1178 898 inperio.
1220 844 1368 886 Sicut
1389 847 1555 887 autem
1575 845 1663 887 ille
1682 859 1772 888 rex
1789 859 1976 900 regum,

446 912 469 940 a
518 912 614 952 quo
664 900 828 941 omnis
876 903 1136 953 potestas,
1184 901 1464 942 Romanum
1510 902 1774 955 inperium
1821 904 1977 956 caput

444 956 609 996 totius
640 956 780 997 orbis
811 957 1117 1006 constituit,
1157 957 1231 997 ita
1261 957 1417 998 etiam
1447 958 1616 999 sedem
1643 959 1869 1000 Romane
1907 971 1977 1000 ec-

446 1012 607 1052 clesie
634 1012 858 1053 omnium
880 1013 1226 1054 ecclesiarum
1244 1014 1461 1054 matrem
1480 1014 1685 1055 unicam
1714 1014 1978 1056 dominam-

446 1080 540 1119 que
579 1069 628 1109 et
671 1068 982 1120 magistram
1025 1069 1308 1119 ordinavit,
1355 1082 1449 1122 quo
1463 1069 1489 1110 d
1533 1070 1714 1122 utique
1759 1070 1978 1112 duorum

446 1124 744 1176 gladiorum
774 1137 800 1164 n
814 1138 1008 1174 umero,
1039 1138 1166 1178 quos
1198 1125 1402 1178 quidem
1432 1125 1687 1167 sufficere
1706 1126 1978 1180 perhibuit,

445 1180 492 1232 ip
506 1192 556 1220 se
595 1182 775 1221 auctor
804 1180 930 1222 fidei
961 1181 1266 1223 Christiane
1296 1183 1542 1235 patenter
1571 1181 1977 1235 prefiguravit.*)

446 1235 701 1289 Quapropter
719 1236 887 1277 fraterni
908 1237 1054 1278 amoris
1074 1238 1271 1290 pretextu,
1302 1250 1424 1290 quem
1444 1239 1513 1278 tue
1535 1238 1712 1290 gerimus
1734 1237 1978 1287 excellentie,

444 1292 704 1344 prudentiam
740 1294 856 1334 tuam
894 1293 1054 1347 scriptis
1091 1293 1346 1347 presentibus
1385 1293 1554 1346 dignum
1584 1305 1836 1335 commonere
1865 1293 1979 1335 duxi-

445 1361 548 1397 mus,
579 1349 771 1401 quatinus
799 1349 914 1390 nobis
945 1352 986 1390 et
1013 1350 1167 1402 inperio
1196 1350 1379 1391 Romano
1410 1349 1591 1390 debitum
1620 1350 1813 1392 honorem
1841 1362 1979 1402 recog-

446 1417 588 1445 noscas
619 1406 660 1446 et
689 1417 848 1446 summo
878 1406 1070 1459 pontifici,
1109 1418 1231 1458 quem
1259 1406 1543 1447 nominetenus
1573 1407 1759 1447 sanctum
1789 1406 1979 1460 appellas,

446 1462 674 1502 reverenter
703 1461 974 1502 obedientiam
1003 1461 1201 1503 exhibeas.
1246 1461 1411 1503 Audivit
1441 1463 1580 1503 autem
1606 1463 1747 1503 nostra
1774 1462 1978 1511 maiestas,

448 1517 555 1568 quod
595 1517 748 1558 occasio
779 1517 954 1569 quedam
991 1517 1097 1559 inter
1126 1518 1398 1571 patriarcham
1429 1517 1575 1559 Sancte
1607 1517 1755 1572 Sophie
1784 1519 1978 1570 tuamque

446 1573 699 1614 nobilitatem
728 1574 889 1626 prebuit
918 1574 1180 1615 seminarium
1209 1573 1415 1615 discordie.
1464 1573 1539 1615 Oui
1569 1573 1603 1615 si
1630 1573 1877 1616 reconciliari
1913 1573 1975 1614 in-

447 1629 596 1678 tendis,
634 1642 706 1682 pro
743 1630 846 1671 bono
883 1630 994 1683 pacis
1032 1643 1104 1671 nos
1141 1631 1416 1684 cooperatores
1453 1630 1600 1671 habere
1637 1631 1798 1683 poteris.
1854 1629 1978 1671 Porro

448 1685 699 1726 successibus
738 1687 808 1726 tue
845 1686 1086 1736 nobilitatis,
1131 1699 1232 1739 quos
1242 1718 1251 1736 ,
1290 1686 1390 1727 dum
1419 1687 1558 1727 contra
1588 1685 1811 1727 Soldanum
1838 1698 1978 1738 regem

446 1741 595 1782 Yconie
636 1742 856 1783 exercitum
895 1743 1080 1792 duceres,
1103 1743 1111 1747 “
1124 1742 1258 1784 divina
1301 1742 1432 1794 gratia
1474 1742 1647 1795 desuper
1685 1742 1759 1783 tibi
1797 1741 1980 1791 contulit,

448 1810 548 1849 quos
580 1799 788 1850 gratanter
818 1799 1062 1848 audivimus,
1101 1810 1203 1851 eque
1233 1797 1544 1850 congaudemus,
1573 1799 1694 1851 prout
1722 1799 1839 1839 tuam
1866 1797 1979 1838 nobi-

445 1854 602 1894 litatem
623 1855 758 1894 nostre
779 1855 1003 1896 maiestatis
1023 1854 1281 1908 prosperitati
1300 1853 1551 1906 congaudere
1572 1866 1653 1895 non
1673 1853 1976 1907 diffidimus.**)

447 1909 551 1951 Cum
581 1910 718 1950 autem
749 1909 796 1950 de
828 1911 1071 1963 quibusdam
1101 1910 1288 1959 consiliis,
1321 1922 1398 1962 que
1430 1909 1629 1951 Soldanus
1659 1909 1814 1951 amicus
1842 1910 1980 1951 noster

446 1967 515 2006 tue
547 1966 705 2019 aperuit
733 1966 944 2016 nobilitati,
974 1966 1234 2020 prudentiam
1264 1969 1378 2006 tuam
1409 1978 1564 2007 asseras
1584 1965 1734 2015 mirari,
1763 1965 1979 2014 nescimus,

449 2034 499 2062 an
528 2034 600 2074 per
629 2022 703 2062 hec
731 2023 853 2063 verba
881 2024 1063 2063 nostram
1101 2023 1359 2063 maiestatem
1393 2024 1534 2063 notare
1568 2021 1754 2063 volueris.
1813 2021 1857 2063 Si
1885 2033 1978 2073 ergo

446 2079 602 2118 remota
638 2078 746 2118 nube
783 2079 996 2120 verborum
1033 2079 1181 2119 mentis
1218 2079 1288 2119 tue
1316 2078 1582 2119 intentionem
1610 2077 1816 2118 maiestati
1843 2078 1980 2118 nostre

447 2133 662 2187 aperueris,
702 2146 774 2175 nos
805 2135 994 2175 universa
1023 2134 1197 2183 consilia,
1239 2146 1317 2186 que
1348 2146 1441 2174 cum
1470 2134 1556 2187 ipso
1587 2133 1761 2174 Soldano
1790 2131 1981 2174 tractavi-

444 2202 547 2238 mus,
564 2189 767 2231 evidenter
781 2191 957 2244 profiteri
972 2203 1053 2232 non
1074 2190 1456 2243 erubescimus.***)
1497 2189 1636 2230 Mirari
1654 2201 1747 2231 vero
1767 2202 1848 2231 non
1868 2188 1980 2230 suffi-

446 2246 591 2295 cimus,
634 2246 759 2297 quod,
798 2247 915 2287 dum
951 2247 995 2287 fr
1007 2248 1194 2287 aternu
1208 2259 1250 2286 m
1281 2258 1499 2287 amorem
1527 2245 1673 2287 nobis
1702 2243 1978 2298 promittis,

445 2315 471 2355 p
486 2315 538 2343 er
574 2301 795 2343 nuntios
835 2305 882 2344 et
925 2315 1012 2356 per
1053 2302 1322 2356 pecuniam
1363 2304 1503 2343 tuam
1547 2301 1740 2342 fideles
1783 2300 1980 2355 inperii

446 2357 660 2399 nustria
679 2362 851 2400 nostro
873 2359 1096 2400 servitio
1119 2361 1166 2400 et
1185 2358 1450 2399 fidelitate
1472 2359 1708 2399 avertere
1735 2357 1812 2398 nit
1825 2356 1977 2410 eris.†)

563 2490 580 2508 *
965 2489 971 2495 .

491 2582 498 2589 ⁰
540 2487 1176 2590 ”³{lg1ffiffi1kiei1tsefflroes31331
1176 2488 1304 2568 Ιὲιῗῑῗὲη
1335 2544 1399 2567 von
1431 2533 1588 2567 nmmum
1623 2533 1685 2567 das
1709 2532 1800 2567 Heer
1822 2532 1979 2567 Manuels

446 2584 500 2617 bffl
521 2580 1311 2671 ffliu'xls‘gfhac'lffit.Vffiffitffissliffinffeffihssaffesshd
1335 2625 1460 2660 Annal.
1493 2624 1562 2659 θοι.
1594 2625 1674 2659 Max
1703 2624 1747 2658 ad
1772 2634 1849 2659 ann.
1876 2626 1977 2658 1180.

446 2675 516 2708 Der
539 2674 662 2708 Sultan
685 2674 783 2708 hatte
806 2674 872 2707 mit
896 2673 972 2706 dem
996 2672 1238 2717 Versprechen,
1270 2671 1388 2706 Christ
1411 2682 1451 2705 zu
1477 2671 1628 2713 werden,
1653 2681 1712 2704 um
1735 2670 1809 2704 eine
1834 2669 1981 2704 Tochter

445 2720 639 2775 Friedrichs
677 2720 901 2764 angehalten3
941 2719 1031 2752 diese
1070 2719 1185 2753 wurde
1222 2728 1310 2751 zwar
1345 2718 1526 2761 zugesagt,
1567 2717 1662 2751 starb
1702 2717 1783 2751 aber
1820 2725 1880 2750 vor
1920 2715 1980 2750 der

447 2766 801 2857 vermsshllgffp-Herr
826 2823 855 2846 a.
882 2822 912 2845 a.
939 2809 978 2845 Ο.
1005 2810 1038 2845 S.
1066 2813 1130 2846 100
1164 2810 1271 2844 findet
1302 2809 1339 2844 in
1364 2809 1479 2843 diesen
1503 2809 1645 2843 Worten
1668 2807 1756 2842 wohl
1780 2807 1846 2842 mit
1868 2806 1980 2842 Recht

447 2859 521 2893 eine
544 2858 759 2902 Anspielung
791 2857 852 2892 auf
879 2857 953 2891 eine
983 2856 1208 2900 Verbindung
1242 2855 1398 2889 Manuels
1430 2855 1496 2889 mit
1532 2854 1698 2889 Heinrich
1735 2854 1812 2888 dem
1845 2853 1977 2888 Liiwen.

446 2905 567 2939 Dieser
588 2905 686 2939 hatte
709 2905 757 2938 im
780 2903 885 2938 Jahre
913 2905 1000 2939 1172
1025 2903 1085 2936 auf
1104 2903 1196 2937 einer
1219 2901 1408 2936 Wallfahrt
1435 2901 1525 2935 nach
1547 2900 1738 2935 Jerusalem
1761 2899 1826 2934 den
1851 2899 1981 2934 kaiser·
