2098 3432
447 296 529 338 102

447 420 604 455 semus,
643 407 719 447 nisi
750 419 825 447 nox
858 408 898 447 et
927 407 1104 447 maxima
1132 408 1354 460 tempestas
1383 419 1456 447 nos
1487 407 1741 448 cohibuisset.
1797 407 1979 448 Tandem

446 466 536 515 post
556 463 706 503 multos
729 463 919 510 assultus,
949 463 1100 503 multas
1122 463 1238 503 cedes
1260 464 1300 503 et
1319 463 1591 503 miserabilem
1611 465 1789 515 stragem
1817 463 1979 504 illorum

445 520 485 558 et
503 532 583 558 non
604 519 806 558 modicum
828 518 1049 571 dampnum
1079 523 1309 559 nostrorum
1340 531 1474 559 arcem
1493 531 1562 570 per
1591 519 1835 560 deditionem
1864 531 1980 559 occu-

444 574 628 627 pavimus
650 578 690 614 et
711 574 913 626 quendam
934 574 1155 627 principem
1177 574 1408 623 Grecorum,
1438 575 1508 626 qui
1530 587 1553 614 a
1582 575 1811 616 marchione
1832 575 1980 616 Malas-

443 630 540 682 pina
569 632 711 682 captus
742 631 846 678 erat,
876 630 1148 670 liberavimus.
1206 630 1424 670 Destructa
1452 630 1646 679 Terdona,
1674 630 1904 684 Papienses,
1933 633 1980 671 ut

445 685 663 737 gloriosum
693 686 785 738 post
814 685 1020 726 victoriam
1050 685 1304 738 triumphum
1332 686 1448 726 nobis
1477 685 1665 735 facerent,
1695 686 1745 727 ad
1774 686 1980 728 civitatem

442 754 515 782 nos
535 741 830 787 invitaverunt;
862 741 916 781 ibi
946 741 986 780 in
1008 754 1153 782 corona
1183 743 1224 782 et
1252 742 1429 782 maxima
1457 742 1616 782 laeticia
1645 743 1686 783 et
1714 742 1869 794 ingenti
1897 754 1980 783 ser-

440 796 538 837 vitio
577 797 749 838 civitatis
789 799 870 837 tres
907 797 992 837 dies
1030 797 1284 838 deduximus.
1344 797 1498 838 Deinde
1535 797 1686 839 directo
1716 798 1880 839 tramite
1908 811 1981 852 per

442 853 782 904 Longobardiam,
814 854 1074 901 Romaniam,
1105 854 1294 894 Tusciam
1324 855 1484 902 euntes,
1516 854 1702 894 Sutrium
1732 866 1862 906 usque
1890 867 1980 908 per-

443 909 638 949 venimus.
677 909 739 949 Ibi
760 909 932 949 domnus
954 909 1101 961 papa*)
1122 923 1215 950 cum
1236 910 1323 950 tota
1343 909 1535 950 aecclesia
1554 910 1739 950 Romana
1757 910 1982 962 gaudenter

443 965 555 1005 nobis
572 964 745 1005 occurrit
766 966 806 1005 et
826 965 1165 1005 consecrationem
1184 965 1298 1006 nobis
1319 966 1486 1018 paterne
1507 965 1654 1006 obtulit
1669 978 1824 1018 suaque
1839 977 1981 1018 grava·

442 1022 573 1069 mina,
605 1033 708 1072 quae
740 1033 763 1060 a
793 1021 975 1061 Romano
1005 1021 1154 1074 populo
1185 1034 1328 1074 passus
1359 1022 1456 1070 erat,
1486 1021 1600 1061 nobis
1629 1022 1876 1074 conquestus
1907 1025 1980 1063 est.

445 1076 512 1117 Sic
531 1089 605 1116 uos
626 1076 788 1117 cottidie
811 1077 933 1116 simul
964 1078 1107 1117 euntes
1139 1078 1179 1117 et
1209 1077 1330 1118 simul
1360 1076 1611 1130 hospitantes
1641 1077 1854 1130 dulciaque
1883 1078 1981 1120 mis-

443 1134 579 1173 centes
597 1133 804 1184 colloquia‚
836 1133 1009 1173 Romam
1030 1146 1159 1185 usque
1179 1133 1447 1186 pervenimus.
1495 1133 1669 1173 Romani
1687 1133 1857 1175 nuncios
1886 1146 1980 1176 suos

443 1188 493 1228 ad
523 1201 596 1228 nos
629 1188 847 1237 miserunt,
878 1190 918 1228 et
948 1189 1169 1229 maximam
1198 1189 1412 1242 pecuniam
1441 1202 1512 1242 pro
1542 1189 1736 1230 fidelitate
1766 1201 1906 1230 eorum
1935 1203 1982 1232 ac

443 1244 614 1292 servitio,
645 1245 723 1284 tria
753 1257 914 1296 quoque
945 1257 969 1284 a
997 1245 1111 1285 nobis
1141 1245 1371 1286 iuramenta
1401 1245 1691 1297 exquisierunt.
1747 1245 1858 1295 Inde,
1887 1259 1981 1288 cum

442 1300 588 1340 domno
618 1313 723 1352 papa
754 1302 793 1340 et
824 1300 1093 1341 cardinalibus
1124 1301 1288 1341 consilio
1318 1301 1437 1350 inito,
1478 1301 1574 1353 quia
1601 1301 1819 1354 imperium
1848 1314 1982 1343 emere

441 1356 646 1396 noluimus
677 1359 717 1396 et
747 1358 1001 1396 sacramenta
1030 1357 1149 1409 vulgo
1179 1358 1360 1409 prestare
1389 1369 1470 1397 non
1501 1356 1734 1406 debuimus,
1765 1358 1812 1398 ut
1841 1370 1980 1399 omnes

442 1412 552 1452 dolos
584 1413 624 1451 et
653 1412 981 1452 machinamenta
1010 1424 1150 1452 eorum
1181 1413 1495 1462 declinaremus,
1527 1412 1749 1454 Octaviano
1779 1413 1980 1455 cardinale

442 1467 708 1515 conducente,
737 1469 914 1508 maxima
942 1480 1035 1521 pars
1064 1468 1236 1509 miliciae
1265 1470 1427 1509 nostrae
1456 1470 1573 1509 nocte
1603 1481 1675 1521 per
1702 1472 1862 1522 portam
1890 1483 1982 1523 par-

443 1524 579 1564 vulam
608 1523 721 1563 iuxta
752 1523 945 1564 Sanctum
968 1524 1139 1564 Petrum
1167 1524 1343 1573 intravit,
1375 1527 1415 1565 et
1445 1525 1502 1565 sic
1530 1525 1824 1565 monasterium
1844 1525 1982 1567 Sancti

444 1579 554 1619 Petri
584 1580 876 1632 preoccupavit.
922 1581 1041 1620 Mane
1071 1580 1188 1629 facto,
1217 1580 1390 1621 domnus
1419 1592 1524 1634 papa
1553 1593 1646 1621 cum
1675 1582 1763 1622 tota
1791 1582 1983 1623 aecclesia

445 1635 493 1675 ad
516 1635 723 1676 basilicam
745 1636 874 1676 sancti
894 1636 1005 1676 Petri
1026 1649 1099 1676 nos
1128 1636 1323 1689 precessit
1352 1639 1392 1677 et
1422 1636 1473 1676 ad
1503 1636 1653 1688 gradus
1683 1649 1776 1678 cum
1805 1638 1982 1679 maxima

445 1691 696 1743 processione
716 1704 789 1731 nos
810 1692 997 1744 suscepit,
1028 1696 1068 1732 et
1087 1692 1214 1733 missa
1242 1693 1444 1733 celebrata
1473 1692 1522 1732 ad
1554 1693 1680 1734 altare
1711 1694 1983 1746 apostolorum

446 1747 557 1787 Petri
587 1748 627 1787 et
655 1747 773 1787 Pauli
802 1747 842 1787 in
873 1748 1022 1788 honore
1052 1752 1216 1788 sanctae
1245 1748 1398 1788 Mariae
1428 1748 1612 1800 virginis,
1643 1749 1739 1801 quja
1768 1749 1983 1790 sabbatum

446 1805 553 1850 erat,
584 1803 901 1844 benedictionem
931 1816 1098 1844 coronae
1128 1804 1299 1844 Romani
1330 1804 1488 1857 imperii
1519 1804 1685 1856 largiter
1713 1817 1834 1858 super
1862 1809 1984 1859 caput

447 1860 634 1899 nostrum
664 1858 815 1899 effudit.
875 1859 963 1909 Quo
995 1859 1069 1900 rite
1099 1863 1282 1912 peracto,
1324 1860 1423 1900 dum
1453 1872 1592 1900 omnes
1621 1860 1746 1901 nimio
1775 1861 1911 1902 labore
1942 1863 1983 1903 et

447 1918 535 1955 estu
559 1915 729 1955 confecti
759 1915 807 1955 ad
839 1915 1014 1956 tentoria
1043 1916 1267 1956 rediremus
1298 1917 1338 1956 et
1367 1916 1502 1957 cibum
1532 1928 1779 1969 caperemus,
1808 1917 1982 1958 Romani

446 1971 494 2010 de
539 1972 660 2023 ponte
700 1971 899 2023 Tyberino
936 1971 1210 2024 prosiluerunt
1246 1973 1287 2012 et
1323 1972 1366 2011 in
1403 1973 1647 2013 monasterio
1684 1972 1823 2014 Sancti
1859 1973 1982 2024 Petri,

447 2027 603 2066 duobus
626 2027 749 2067 servis
771 2027 918 2068 nostris
940 2027 1080 2068 occisis
1102 2031 1142 2068 et
1162 2027 1432 2068 cardinalibus
1453 2027 1644 2080 spoliatis,
1673 2041 1821 2082 papam
1841 2041 1982 2083 capere

445 2082 719 2123 intendebant.
779 2083 863 2124 Nos
902 2096 993 2124 vero
1034 2083 1181 2124 deforis
1212 2084 1427 2137 strepitum
1459 2084 1690 2133 audienteS,
1728 2085 1873 2126 armati
1912 2099 1984 2139 per

447 2151 584 2178 muros
620 2138 831 2188 irruimus,
870 2141 911 2179 et
948 2140 1035 2179 tota
1073 2139 1136 2179 die
1167 2152 1261 2180 cum
1290 2139 1485 2180 Romanis
1515 2140 1747 2181 conflictum
1776 2141 1982 2191 habentes,

448 2207 588 2234 eorum
609 2206 710 2247 pene
732 2195 842 2235 mille
863 2195 1082 2236 occidimus
1104 2198 1144 2235 et
1174 2197 1215 2235 in
1235 2196 1382 2247 Tyberi
1412 2195 1705 2237 submersimus
1735 2197 1776 2237 et
1804 2197 1982 2250 captivos

450 2250 702 2298 deduximus,
733 2250 859 2291 donec
878 2263 955 2291 nox
975 2263 1048 2291 nos
1069 2252 1111 2291 et
1139 2251 1229 2292 illos
1260 2251 1431 2292 diremit.
1480 2252 1600 2292 Mane
1631 2251 1747 2301 facto,
1779 2253 1876 2305 quia
1903 2253 1984 2295 vic-

447 2306 575 2346 tualia
603 2306 717 2346 nobis
748 2306 995 2355 defecerant,
1026 2309 1235 2360 assumpto
1264 2319 1370 2360 papa
1399 2309 1439 2347 et
1468 2307 1758 2357 cardinalibus,
1788 2321 1882 2350 cum
1910 2309 1984 2350 tri-

448 2362 598 2414 umpho
631 2361 818 2402 'victoriae
847 2362 943 2403 laeti
973 2363 1233 2411 recessimus,
1265 2365 1306 2403 et
1335 2363 1521 2404 omnibus
1551 2364 1694 2404 castris
1725 2366 1766 2405 et
1794 2365 1984 2406 munitio-

448 2418 566 2458 nibus
588 2430 692 2469 quae
713 2418 818 2458 circa
838 2419 991 2460 Urbem
1013 2421 1130 2459 erant
1148 2419 1189 2458 in
1209 2420 1454 2472 potestatem
1472 2422 1655 2460 nostram
1675 2419 1832 2470 deditis,
1853 2434 1983 2474 usque

450 2474 597 2514 Albam
627 2473 811 2514 venimus
843 2476 883 2514 et
911 2487 982 2527 per
1013 2475 1168 2526 aliquot
1198 2475 1283 2515 dies
1312 2474 1367 2515 ibi
1397 2488 1488 2516 cum
1519 2488 1625 2528 papa
1653 2476 1800 2517 morati
1830 2489 1983 2519 sumus.

447 2529 546 2569 Inde
577 2529 724 2570 ivimus
746 2530 968 2583 Spoletum,
999 2534 1040 2570 et
1068 2531 1164 2582 quia
1192 2531 1351 2571 rebellis
1373 2532 1460 2571 erat
1481 2533 1521 2572 et
1541 2531 1730 2572 comitem
1750 2531 1983 2574 Gwidonem

447 2586 634 2626 Werram
651 2587 691 2626 et
707 2588 885 2627 caeteros
899 2586 1068 2627 nuncios
1083 2588 1241 2627 nostros
1255 2586 1298 2626 in
1313 2586 1546 2639 captivitate
1562 2588 1765 2637 tenebant,
1781 2589 1983 2630 assultum

566 2685 596 2726 *)
622 2684 687 2718 Die
711 2685 786 2719 hier
801 2685 898 2719 nicht
914 2685 1086 2719 erwahnte
1103 2685 1277 2720 wortliche
1293 2686 1321 2719 E
1332 2697 1377 2720 rn
1388 2697 1549 2720 euerun
1561 2698 1585 2730 g
1609 2686 1684 2720 des
1698 2686 1842 2721 Konst
1853 2698 1904 2722 an
1916 2699 1984 2723 zer

449 2731 570 2765 Vertr
581 2742 684 2774 ages
721 2743 747 2765 s.
784 2731 837 2764 bei
875 2730 1240 2774 Huillarnl-Broholles,
1278 2732 1454 2766 Rouleaux
1492 2732 1533 2766 de
1571 2733 1681 2776 Cluny
1719 2732 1752 2767 S.
1788 2736 1842 2768 54.
1901 2733 1979 2778 Vgl.

449 2777 607 2810 hieriiber
631 2788 748 2811 ausser
773 2777 837 2810 (len
862 2777 988 2811 bereits
1014 2777 1239 2820 angefiihrten
1256 2778 1404 2812 VVerken
1420 2778 1574 2821 Jungfer‚
1591 2779 1900 2823 Untersuchungen
1925 2780 1984 2814 der

450 2823 683 2857 Nachrichten
709 2824 793 2857 iiber
809 2823 1003 2856 Friedrichs
1020 2823 1046 2857 I.
1074 2822 1209 2858 Griech.
1237 2835 1268 2858 u.
1286 2824 1471 2859 Norniann.
1490 2824 1618 2858 Politik
1642 2825 1695 2858 bis
1720 2835 1795 2858 zum
1811 2825 1984 2860 Wormser

451 2869 658 2912 Reiehstage
683 2869 801 2913 (1157)
821 2880 852 2903 ιι.
869 2869 1014 2911 Ribbek,
1039 2869 1216 2903 Friedrich
1231 2870 1259 2904 Ι.
1286 2881 1317 2904 ιι.
1344 2870 1399 2904 die
1422 2873 1504 2904 rom.
1522 2870 1628 2904 Kurie
1655 2873 1834 2906 1157—59
1859 2870 1892 2907 S.
1909 2874 1931 2906 8
1948 2872 1981 2906 ff.

2086 1086 2098 1266 ι

2082 1266 2098 1522 ἐ

2084 1742 2098 1799 1³15—
2086 1699 2098 1725 'A
