2098 3432
1639 286 1690 330 19

120 401 288 444 clariore
314 399 550 456 perfulgeat
580 413 707 454 quam
736 402 850 443 recta
879 400 981 443 fides
1011 400 1055 442 in
1082 400 1287 455 principe:
1320 400 1446 443 nichil
1477 403 1550 451 est,
1583 402 1692 455 quod

119 458 180 501 ita
213 459 395 512 nequeat
434 458 596 500 occasui
632 458 844 500 subiacere
878 471 1005 512 quam
1035 471 1133 500 vera
1162 458 1314 512 religio.
1375 458 1465 510 Que
1495 459 1694 501 nimirum

119 515 258 559 omnia
286 516 403 557 tanto
432 515 714 565 manifestius,
754 515 828 557 deo
860 516 1035 569 gratias,
1065 515 1107 556 in
1138 528 1314 569 persona
1342 517 1416 557 tua
1447 516 1693 566 clarescunt,

119 574 273 627 quanto
282 574 310 607 8)
340 573 391 614 ab
420 572 590 613 ineunte
623 574 732 614 etate
764 574 924 614 amator
952 572 1162 626 religionis
1194 574 1236 613 et
1265 573 1399 614 cultor
1428 573 1590 615 iusticie
1622 586 1690 616 ex-

118 629 254 672 titisse
273 629 542 683 cognosceris,
582 631 623 671 et
649 629 871 671 novissime
901 629 1046 671 dicbus
1075 629 1167 670 istis
1197 641 1273 671 nec
1302 642 1475 683 persone
1506 632 1578 672 tue
1617 644 1693 672 nec

117 687 279 743 proprie
313 686 517 741 parcendo
557 687 729 741 pecunie
759 700 833 741 pro
863 686 974 728 beati
1003 686 1117 728 Petri
1149 686 1315 728 servitio
1345 687 1500 728 multos
1532 688 1691 729 labores

118 745 162 790 ot
178 743 384 786 immensa
402 743 585 798 pericula
614 744 833 798 pertulisti.
882 743 989 786 Cum
1020 756 1128 797 ergo,
1159 745 1341 785 testante
1373 756 1488 786 sacro
1519 745 1691 798 eloquio,

118 800 244 844 etiam
263 800 363 842 mali
382 802 521 855 patres
541 801 680 843 bona
710 801 870 854 data*)
892 801 987 842 filiis
1010 800 1097 842 suis
1128 800 1305 842 debeant
1334 800 1569 855 impertire:
1603 802 1691 855 dig-

117 870 220 901 num
237 857 418 913 profecto
439 859 513 908 est,
543 859 592 899 ut
611 870 698 907 nos,
728 858 799 911 qui
821 858 1063 912 disponente
1084 857 1248 899 domino
1270 857 1470 899 universis
1493 859 1690 900 catholice

118 915 287 958 ecclesie
320 914 415 956 filiis
455 914 653 956 debemus
696 915 970 957 sollicitudine
1000 916 1174 968 paterna
1203 915 1432 964 consulere,
1472 929 1691 969 personam

120 973 239 1015 tuam
268 971 398 1014 artius
429 971 671 1025 diligamus,
713 973 754 1013 et
790 974 994 1025 tanquam
1025 971 1322 1025 specialissimo
1354 972 1522 1014 ecclesie
1553 973 1693 1014 defen-

117 1028 199 1072 sori
226 1029 271 1071 in
300 1028 384 1079 his,
426 1042 506 1082 que
538 1029 590 1070 ad
621 1030 780 1071 statum
809 1029 971 1083 imperii
1008 1028 1050 1069 in
1083 1041 1157 1070 suo
1188 1029 1331 1070 robore
1365 1030 1692 1071 conservandum

117 1087 160 1128 et
196 1085 421 1128 utilitatem
460 1098 507 1128 ac
535 1086 772 1128 libertatem
801 1086 1000 1127 catholice
1035 1085 1203 1127 ecclesie
1235 1087 1420 1140 spectare
1450 1090 1690 1137 noscuntur,

116 1143 205 1186 tam
241 1142 472 1193 secundum
511 1143 837 1184 ecclesiasticum
884 1142 1065 1185 officium
1111 1155 1238 1196 quam
1283 1144 1570 1197 temporaliter
1614 1145 1692 1185 im—

115 1199 363 1256 peratoriam
392 1200 623 1254 potentiam
653 1212 894 1253 augeamus.
953 1200 1044 1241 Hoc
1074 1200 1271 1241 nimirum
1300 1200 1457 1241 intuitu
1490 1201 1687 1243 allodium

117 1257 220 1300 bone
248 1257 444 1300 memorie
476 1257 694 1300 Comitisse
715 1257 919 1307 Mattilde,
953 1257 1062 1310 quod
1085 1257 1231 1310 utique
1264 1257 1314 1298 ab
1346 1270 1394 1299 ea
1424 1258 1544 1299 bea-to
1565 1258 1689 1300 Petro

118 1315 282 1356 constat
302 1326 391 1356 esse
413 1315 622 1364 collatum,
651 1314 839 1368 vobis**)
861 1314 1174 1364 committimus,
1205 1317 1246 1355 et
1267 1327 1315 1355 ex
1338 1315 1558 1368 apostolice
1583 1316 1691 1357 sedis

116 1370 418 1471 dispensatione
450 1371 733 1421 concedimus,
774 1374 899 1425 atque
936 1372 979 1413 in
1009 1371 1218 1426 presentia
1246 1371 1423 1413 fratrum
1454 1374 1691 1414 nostrorum

116 1440 186 1471 are
213 1428 533 1484 iepiscoporum,
573 1429 874 1483 episcoporum,
915 1430 1132 1479 abbatum,
1177 1441 1336 1470 necnon
1374 1429 1606 1484 principum
1648 1433 1689 1472 et

114 1485 316 1528 baronum
333 1499 423 1541 per
451 1487 695 1528 anullum
725 1486 1132 1536 investivimus,
1163 1486 1240 1527 ita
1270 1486 1534 1528 videlicet
1564 1490 1622 1528 ut
1644 1488 1687 1529 C.

114 1542 276 1585 libras
315 1543 524 1598 argenti
563 1544 798 1597 singulis
830 1544 984 1585 annis
1015 1543 1163 1585 nobis
1194 1545 1244 1584 et
1274 1545 1685 1586 successoribus

114 1601 318 1643 nostris
349 1601 618 1651 exsolvas,
658 1602 699 1642 et
728 1602 823 1655 post
847 1603 970 1642 tuum
1000 1601 1158 1643 obitum
1188 1600 1417 1655 proprietas
1458 1601 1507 1642 ad
1547 1601 1612 1642 ius
1644 1604 1685 1643 et

114 1655 378 1700 dominiumb)
407 1660 548 1700 sancte
570 1659 755 1700 Romane
783 1658 950 1700 ecclesie
982 1671 1079 1700 cum
1108 1658 1346 1711 integritate
1379 1658 1534 1711 absque
1566 1658 1686 1699 dimi-

114 1714 283 1757 nutione
303 1727 351 1757 ac
369 1715 560 1758 molestia
579 1717 826 1757 revertatur.
876 1715 995 1766 Quod
1018 1716 1051 1757 si
1081 1728 1157 1756 nos
1186 1715 1253 1756 vel
1282 1714 1430 1756 fratres
1460 1718 1623 1757 nostros
1643 1716 1686 1756 in

117 1771 290 1814 eandem
319 1774 474 1814 terram
503 1773 652 1822 venire,
683 1785 850 1814 manere
871 1773 935 1814 vel
957 1772 1132 1814 transire
1154 1772 1391 1826 oportuerit,
1421 1774 1509 1813 tam
1529 1773 1572 1813 in
1594 1786 1686 1814 sus-

114 1829 316 1884 ceptione,
361 1842 489 1883 quam
530 1830 574 1871 in
618 1830 904 1884 procuratione
945 1832 1070 1883 atque
1111 1841 1253 1871 securo
1293 1829 1519 1879 conductu,
1562 1832 1687 1884 prout

115 1886 337 1941 apostolica
366 1886 484 1929 sedes
514 1886 751 1937 decreverit,
782 1887 1043 1928 honoremur.
1103 1886 1185 1937 Qui
1221 1899 1316 1927 vero
1349 1899 1463 1928 arces
1494 1887 1686 1937 tenuerit,

113 1943 178 1985 vel
197 1943 347 1986 Rector
365 1945 475 1986 terre
494 1943 630 1994 fuerit,
650 1945 770 1986 beato
787 1944 911 1985 Petro
929 1947 970 1986 et
985 1944 1103 1986 nobis
1118 1943 1354 1996 nostrisque
1380 1944 1684 1985 successoribus

112 1999 356 2043 fidelitatem
374 2001 540 2043 faciant.
590 2001 786 2044 Ceterum
806 2014 880 2055 pro
902 2001 1073 2043 caritate
1094 2002 1233 2042 vestra
1253 2000 1380 2042 nobili
1400 2000 1486 2042 viro
1507 2001 1684 2042 Henrico

114 2056 295 2100 Bawarie
325 2057 438 2108 duci,
478 2071 628 2112 genero
660 2060 816 2108 vestro,
856 2060 898 2100 et
926 2059 1010 2100 filie
1040 2059 1194 2107 vestre,
1224 2058 1341 2099 uxori
1371 2057 1479 2107 eius,
1511 2058 1685 2099 eandem

113 2115 267 2156 terram
295 2127 392 2157 cum
421 2115 579 2170 prefato
610 2129 737 2158 censu
768 2117 810 2157 et
841 2115 1088 2170 supradictis
1119 2114 1420 2156 conditionibus
1462 2116 1686 2169 apostolica

111 2171 362 2226 benignitate
401 2173 684 2215 concedimus:
714 2173 775 2214 ita
804 2174 946 2214 tamen
976 2175 1024 2214 ut
1053 2172 1163 2214 idem
1194 2171 1276 2213 dux
1307 2172 1423 2213 nobis
1453 2173 1684 2214 hominium

110 2227 245 2280 faciat,
274 2230 316 2271 et
343 2229 588 2272 fidelitatem
616 2231 736 2272 beato
758 2230 882 2271 Petro
915 2243 962 2271 ac
982 2231 1062 2271 nob
1083 2243 1101 2271 s
1122 2229 1357 2282 nostrisque
1380 2230 1684 2271 successoribus

110 2284 241 2328 iuret:
271 2287 366 2341 post
390 2299 567 2340 quorum
588 2287 748 2329 obitum
776 2287 1010 2342 predictum
1032 2286 1250 2329 Comitisse
1273 2286 1463 2327 Mattilde
1487 2287 1684 2328 allodium

113 2341 166 2384 ad
192 2342 258 2385 ius
288 2346 331 2385 et
350 2343 580 2386 dominium
610 2346 752 2387 sancte
782 2345 968 2386 Romane
1000 2344 1187 2394 ecclesie,
1232 2343 1339 2385 sicut
1370 2356 1496 2397 supra
1526 2344 1684 2385 dictum

111 2496 354 2543 imperatorem
370 2509 447 2534 vero
464 2499 670 2534 Lotharium
687 2499 905 2545 complicatis
922 2499 1084 2534 manibus
1101 2511 1216 2534 coram
1242 2511 1277 2534 se
1294 2499 1503 2534 inclinatum
1521 2510 1682 2533 coronam

110 2543 159 2579 im
201 2545 245 2580 rii
277 2546 534 2638 suspiliifintem.
584 2546 650 2582 Die
674 2540 896 2581 Uberschrift
920 2547 970 2581 ist
994 2547 1195 2581 iiberliefert
1219 2546 1276 2581 bei
1302 2545 1387 2581 Otto
1414 2545 1501 2582 Fris,
1529 2546 1684 2590 <fortges.

112 2601 143 2627 v.
267 2592 335 2627 win
444 2621 453 2636 ,
489 2595 552 2628 10:

139 2653 149 2671 x
358 2639 451 2675 ‘Rex
478 2640 573 2675 venit
597 2641 680 2675 ante
706 2640 808 2684 fores,
835 2641 955 2676 iurans
980 2641 1078 2686 prius
1101 2640 1209 2674 Urbis
1234 2640 1392 2683 honores¹

378 2686 465 2722 Post
487 2687 590 2722 homo
614 2687 658 2722 fit
682 2698 804 2733 papae,
831 2688 939 2722 sumit
963 2699 1030 2733 quo
1057 2687 1163 2722 dante
1191 2698 1363 2723 coronam.

226 2734 259 2775 a)
284 2732 434 2768 Tbeiner
459 2734 616 2769 schreibt
640 2735 789 2780 quando.
839 2735 876 2778 b)
902 2734 1072 2776 Theiner:
1099 2734 1289 2769 dominum.

225 2778 258 2824 *)
282 2779 479 2816 Beruhardi
512 2792 543 2816 a.
569 2792 601 2816 a.
627 2780 668 2817 Ο.
695 2781 729 2817 S.
756 2783 836 2825 482,
868 2781 971 2816 Anm.
1006 2781 1142 2825 urgiert
1175 2781 1294 2815 diesen
1318 2781 1503 2815 Ausdruck
1538 2780 1590 2814 als
1626 2791 1684 2824 ge-

107 2823 276 2861 brauchte
290 2826 581 2873 Umachreffiung,
606 2839 666 2862 um
691 2828 757 2863 den
783 2828 1010 2863 ‘technischen
1027 2828 1212 2874 Ausdruck
1229 2828 1396 2862 beneficia
1415 2839 1456 2862 zu
1473 2827 1683 2862 vermeiden.

110 2870 164 2916 ³⁸¹⁸)
186 2871 288 2908 Νικὼ
313 2872 541 2910 Giesebrecht
564 2875 625 2918 IV,
658 2877 703 2910 86
728 2875 831 2911 Anm.
866 2876 914 2910 ist
947 2886 1010 2910 aus
1034 2875 1111 2910 dem
1138 2875 1329 2919 Ubergang
1356 2886 1432 2909 vom
1457 2874 1622 2919 Singular
1647 2874 1682 2908 in

109 2917 176 2954 den
200 2918 321 2956 Plutal
344 2920 461 2957 nichts
486 2933 528 2957 zu
553 2921 743 2957 schliessen
768 2922 820 2967 (P)

1405 2969 1458 3009 2*
