2098 3432
1628 270 1707 311 167

135 385 237 429 toris
249 385 551 440 promotionem
567 385 618 426 ab
634 384 749 427 Urbe
764 397 920 438 egres-1
944 395 1027 437 pam
1052 383 1096 418 in
1120 382 1302 417 fi-nibus
1327 384 1484 418 terrae
1509 381 1709 426 Similia),

135 455 219 494 sus,
239 441 348 498 apud
359 441 603 492 Cistemam,

37 482 59 506 ’
134 499 360 556 imperator
378 498 588 553 quondam
608 499 660 540 ab
675 499 788 541 Urbe
809 512 902 554 pro-

135 556 261 612 fugas
279 556 471 607 latitavit,
500 556 635 611 primo
657 557 720 598 est
739 557 902 598 inman-

134 615 262 738 {331¹}
271 684 294 713 r
303 683 327 713 o
335 671 362 714 b
374 672 426 713 at
438 684 465 712 u
473 683 518 712 m
548 672 631 720 est,
677 671 902 721 Rolandus,

135 730 412 787 interrogatus
429 741 454 770 a
467 728 694 770 rectoribus
711 728 808 770 cleri
820 729 902 770 Ro-

32 807 44 814 *
131 786 250 833 mani
268 798 317 828 ac
335 785 492 828 clericis
509 785 559 827 de
576 798 653 827 sua
668 785 903 836 cardinalia,

137 843 175 888 si
203 843 353 887 domno
381 842 540 885 Victori
571 844 681 884 esset
711 843 903 885 obedien-

26 925 33 934 ⁴1
110 899 248 952 ⁴(lum,
278 913 468 956 expresse
495 899 710 942 confessus
741 901 827 951 est,
858 913 901 942 se

137 971 367 1014 numquam
386 957 515 1000 fuisse
535 957 830 1008 inmantatum,
862 961 904 1000 et

137 1027 328 1072 expresse
359 1015 481 1057 dixit:
513 1015 588 1056 ‘Ite
610 1018 652 1056 et
672 1015 833 1057 obedite
855 1015 903 1066 ei,

138 1085 264 1129 quem
295 1073 579 1128 inmantatum
610 1085 699 1114 esse
729 1072 903 1114 videtis'.

41 1131 67 1157 ³¹
112 1149 200 1206 ’(7)
233 1149 367 1204 Super
396 1148 461 1191 his
501 1149 692 1204 capitulis
733 1147 904 1190 fuerunt

137 1208 267 1251 testes
297 1207 340 1249 et
369 1207 447 1248 sub
477 1206 584 1248 stola
613 1205 736 1248 tactis
767 1218 906 1248 sacro-

137 1264 290 1309 sancus
302 1263 528 1318 euangeliis
539 1263 782 1306 iuraverunt
789 1263 905 1306 dom-

136 1334 217 1367 nus
244 1321 396 1364 Petrus
426 1321 692 1364 Christianus
722 1320 904 1363 decanus

135 1379 328 1423 basilicae
347 1379 459 1421 beati
477 1379 592 1421 Petri
614 1378 712 1421 etin
727 1391 906 1433 persona

138 1449 215 1480 sua
243 1437 286 1479 et
314 1436 500 1479 omnium
522 1436 702 1478 fratrum
722 1449 903 1478 suorum.

7 1709 21 1725 -’
75 1687 78 1689 Δ
139 1693 202 1750 (8)
225 1693 473 1736 Iuraverunt
503 1693 631 1735 etiam
650 1693 904 1736 venerabiles

138 1751 469 1806 archipresbiteri
509 1751 551 1793 et
588 1752 769 1793 rectores
807 1751 905 1794 cleri

138 1808 316 1852 Romani
321 1808 490 1851 Blasius
499 1809 541 1850 et
547 1807 907 1864 Maineriuapres-

139 1865 247 1910 biter
258 1865 475 1916 Iohannes,
495 1866 699 1921 presbiter
716 1865 905 1918 Gentilis‚

139 1923 407 1967 Aimerardus
439 1922 774 1978 archipresbiter,
803 1924 907 1966 Ber-

624 441 667 482 in
689 454 772 495 qua
790 442 901 484 Nero
946 442 989 484 in
1029 431 1126 465 loco
1166 440 1250 464 non
1290 429 1463 465 celebri
1504 429 1615 476 primo
1657 431 1712 464 est

945 477 1224 522 mmantatusf)

947 668 999 713 (6)
1015 667 1207 702 Probatum
1217 668 1282 710 est,
1293 668 1325 702 b)
1341 666 1479 713 quodin
1489 666 1644 701 secunda
1658 666 1714 700 die

946 716 1028 761 post
1075 713 1327 760 promotionem
1383 713 1514 749 domini
1560 713 1713 748 Victoris

947 761 1154 804 Rollandus,
1192 761 1431 807 interrogatus
1468 772 1489 795 a
1520 761 1713 795 rectoribus

947 809 1031 844 cleri
1045 808 1195 844 Romani
1208 810 1246 843 et
1259 820 1280 843 a
1296 808 1432 844 clericis
1457 808 1499 843 de
1526 819 1589 842 sua
1603 807 1714 842 cardi-

947 856 1138 899 nahmen),
1153 855 1183 890 si
1195 855 1333 891 domino
1346 855 1481 890 Victori
1495 856 1588 890 esset
1599 855 1715 890 obedi-

947 903 1094 947 endmn,
1138 914 1297 949 expresse
1342 903 1519 938 confessus
1556 904 1633 945 est,
1679 913 1716 936 se

946 962 1126 996 nunquam
1151 949 1257 984 fuisse
1286 950 1546 992 immantatum,
1592 951 1629 984 et
1660 960 1715 984 ex-

947 1009 1065 1044 presse
1079 997 1187 1032 dixit:
1215 997 1280 1040 ,Ite
1305 999 1342 1032 et
1365 997 1536 1032 obedited)
1552 996 1596 1040 ei,
1613 1007 1716 1042 quem

946 1045 1196 1080 immantatum
1221 1056 1297 1079 esse
1321 1044 1471 1080 videtis.‘

949 1159 999 1204 (7)
1026 1158 1138 1204 Super
1161 1157 1218 1192 his
1250 1157 1416 1212 capitulis
1440 1157 1584 1193 fuerunt
1606 1159 1716 1193 ‘testes

948 1208 986 1240 et
1011 1206 1075 1240 sub
1101 1205 1195 1241 stola
1220 1207 1329 1240 tactis
1354 1205 1588 1240 sacrosanctis
1614 1217 1716 1240 evan-

948 1253 1051 1298 geliis
1075 1253 1280 1288 iuraverunt
1298 1252 1458 1286 dominus
1475 1253 1601 1287 Petrus
1618 1252 1717 1288 Chri-

949 1300 1086 1335 stianus
1113 1300 1267 1335 decanus
1291 1299 1459 1334 basilicae
1490 1300 1603 1334 sancti
1621 1300 1718 1334 Petri

949 1359 1044 1383 cum
1082 1347 1259 1382 duobus
1293 1346 1522 1382 fratribus
1560 1347 1656 1382 suis
1682 1347 1718 1382 in

948 1406 1096 1441 persona
1111 1406 1175 1429 sua
1187 1396 1224 1430 et
1236 1394 1347 1429 totius
1361 1393 1508 1439 capituli
1516 1394 1683 1429 basilicae
1690 1396 1718 1429 Θ)

948 1442 1046 1478 beati
1070 1442 1178 1485 Petri,
1211 1441 1271 1476 ubi
1298 1448 1423 1487 corpus
1446 1441 1558 1487 ipsius
1583 1443 1719 1487 aposto-

949 1489 1063 1524 lorum
1088 1489 1257 1535 principis
1282 1488 1480 1534 requiescit,
1507 1500 1530 1534 q
1539 1500 1562 1523 u
1572 1500 1618 1523 ae
1643 1500 1662 1523 e
1673 1500 1689 1523 s
1703 1491 1720 1523 t

949 1548 984 1572 m
996 1539 1095 1572 ater
1118 1538 1283 1572 nostra
1307 1547 1325 1570 e
1338 1537 1356 1570 t
1379 1537 1515 1582 caput
1531 1536 1719 1570 omnium

949 1583 1182 1619 ecclesiar
1193 1595 1259 1618 um
1273 1611 1281 1626 ‚
1318 1583 1418 1618 cuius
1455 1583 1562 1618 etiam
1595 1583 1726 1627 literas⁸

949 1633 987 1667 et
994 1633 1018 1667 f)
1039 1632 1181 1678 plenum
1195 1630 1437 1666 testimonium
1447 1630 1664 1665 habebamus
1675 1633 1716 1666 g).

950 1698 1000 1742 (8)
1027 1697 1198 1732 Similiter
1243 1697 1448 1731 iuraverunt
1487 1696 1642 1742 religiosi
1682 1698 1720 1731 et

950 1745 1190 1780 honestissimi
1206 1745 1391 1780 rectore'sh)
1406 1746 1443 1779 et
1467 1744 1618 1790 praelati
1635 1744 1718 1779 cleri

949 1792 1129 1828 Romanae
1163 1791 1271 1836 urhis,
1310 1793 1370 1838 qui
1408 1791 1525 1826 omnia
1555 1791 1719 1826 viderunt

950 1841 987 1875 et
1011 1841 1264 1883 tractaverunt,
1298 1851 1444 1885 quorum
1469 1839 1611 1874 nomina
1636 1840 1720 1873 sunt

949 1887 1054 1922 haec:
1082 1887 1243 1922 dominus
1256 1886 1411 1922 Basilius
1427 1886 1718 1931 archipresbyter,

951 1935 1112 1970 dominus
1129 1934 1321 1981 Mainerius
1335 1934 1626 1980 archipresbyter,
1650 1933 1719 1977 I(o-

999 2089 1038 2129 a)
1065 2087 1166 2123 MD.:
1203 2085 1335 2129 Sicilii;
1385 2085 1447 2120 B.:
1481 2084 1518 2120 in
1544 2084 1673 2119 finibus

953 2135 1105 2170 Siciliae.

1000 2183 1039 2226 b)
1065 2182 1107 2217 B.
1132 2181 1214 2226 fiigt
1237 2180 1345 2216 etiam
1369 2179 1487 2215 hinzu.

1004 2230 1037 2275 c)
1064 2229 1097 2265 d.
1124 2240 1151 2265 s.
1177 2240 1206 2265 c.
1231 2228 1322 2263 fehlt
1346 2227 1402 2262 bei
1426 2227 1467 2262 B.

1001 2277 1038 2322 d)
1065 2276 1109 2311 So
1133 2276 1199 2320 B.;
1225 2275 1327 2310 Mn:
1353 2274 1412 2310 Ita
1435 2273 1585 2310 obedite.

1004 2324 1036 2369 e)
1062 2323 1152 2359 fehlt
1174 2322 1232 2358 bei
1255 2322 1339 2357 MD.

1009 2372 1039 2416 f)
1064 2371 1204 2406 litteras
1230 2371 1267 2405 et
1289 2369 1379 2404 fehlt
1402 2369 1458 2404 bei
1483 2368 1566 2404 MD.

1000 2420 1039 2465 g)
1065 2418 1127 2454 B.:
1154 2418 1358 2453 habeamus.

1001 2466 1041 2509 h)
1065 2466 1127 2500 B.:
1157 2464 1312 2510 religiosi
1336 2463 1403 2499 viri
1427 2465 1464 2498 et
1487 2462 1627 2497 honesti
1651 2472 1721 2496 rec-

954 2517 1059 2550 tores.

1004 2561 1036 2606 *)
1085 2559 1246 2612 Annales·
1294 2558 1506 2611 Stadenses:
1556 2555 1722 2610 Seditque

955 2608 1294 2701 ffifflffitfflssss
1307 2616 1430 2688 (1ῗὲἶέ
1446 2603 1723 2704 ῗῗῗῧὲἓὲῖἑὲῗέἓ

957 2703 1013 2738 die
1041 2702 1120 2738 Rol.
1149 2712 1245 2737 canc.
1284 2711 1363 2735 cum
1398 2699 1470 2734 suis
1496 2697 1723 2743 complicibus

956 2749 1164 2785 Siculum
1181 2748 1358 2791 adiens,
1385 2758 1421 2781 se
1434 2756 1562 2792 papam
1575 2744 1723 2779 Alexan-

957 2797 1059 2842 drum
1078 2796 1247 2831 auxilio
1267 2794 1419 2829 Siculi
1435 2795 1472 2828 et
1489 2803 1617 2835 eorum,
1636 2801 1723 2837 quos

954 2845 1030 2892 ipse
1055 2844 1223 2879 advocare
1247 2843 1397 2889 poterat,
1422 2841 1506 2876 fecit
1522 2838 1723 2874 solemniter

955 2891 1174 2939 proclamari.
