2098 3432
1563 247 1647 318 2o5

2 430 37 443 ,,
73 389 215 432 menta
249 387 358 430 infra
396 400 468 430 sex
510 387 759 430 ebdomadas
799 389 850 430 ab
880 388 1072 430 omnibus
1104 390 1402 443 compleantur.
1462 389 1582 442 Quod
1613 390 1648 431 si

43 478 46 497 3
73 446 222 501 aliquis
242 445 482 488 clericorum
502 445 568 487 vel
587 446 802 499 laycorum
822 445 918 487 huic
949 446 1249 488 confirmationi
1279 449 1321 488 et
1344 447 1476 489 edicto
1506 449 1647 489 nostro

10 502 38 539 '5
72 503 211 558 aliquo
240 503 361 545 modo
392 515 435 544 se
465 503 706 558 opponendo
737 503 1046 553 contradixerit,
1090 516 1138 545 ex
1176 504 1304 546 totius
1335 504 1645 558 Herbipolensis

72 560 230 604 concilii
259 560 422 602 decreto
452 560 688 602 firmissime
719 560 1006 615 praecipimus,
1037 562 1095 611 ut,
1127 561 1162 602 si
1193 562 1285 615 quis
1317 561 1368 603 ad
1399 562 1644 603 mandatum

23 622 42 662 -J
70 618 135 662 sui
165 618 363 660 antistitis
393 620 467 660 aut
486 618 719 672 provinciae
739 618 940 672 praesidis
971 618 1035 659 vel
1057 618 1211 660 domini
1233 618 1297 660 sui
1334 621 1643 661 sacramentum

5 689 44 718 7³
69 688 153 719 non
180 675 445 731 praestiterit,
476 676 511 717 si
531 675 703 717 clericus
725 675 780 716 sit
799 675 863 717 vel
885 676 1124 726 monachus,
1155 676 1430 718 ecclesiastico
1459 677 1645 731 privetur

26 740 35 755 ’
68 732 244 782 honore3
275 733 310 775 si
330 733 485 787 laycus,
507 732 656 775 allodia
677 734 719 774 et
738 732 947 782 beneficia,
978 745 1251 786 quaecunque
1281 734 1474 788 possidet,
1503 736 1645 776 nostra

67 790 148 846 ipsi
187 790 432 833 auctoritate
471 803 496 832 a
532 803 607 832 suo
643 789 778 832 iudice
818 790 882 832 vel
913 790 1078 832 domino
1109 803 1278 845 prorsus
1310 791 1565 842 adimantur,
1606 795 1647 833 et

12 870 28 898 ;
67 849 156 893 toto
186 848 359 904 imperio
388 850 530 890 nostro
561 847 760 889 eiiciatur.

18 910 21 915 '
181 906 334 948 Actum
365 907 429 947 est
447 906 526 948 hoc
546 918 652 947 anno
674 905 724 946 ab
744 905 1026 947 incarnatione
1047 905 1202 947 domini
1222 906 1354 948 nostri
1374 905 1471 948 Iesu
1492 906 1646 948 Christi

9 967 34 1023 '4
71 963 180 1005 1165
212 963 322 1018 apud
350 962 597 1017 Wirzeburg
626 963 663 1004 6.
694 962 836 1005 Nonas
866 962 988 1004 Iunii.
1003 964 1031 997 ιι)

224 1079 270 1128 b)
303 1079 493 1134 Epistola
523 1079 647 1124 amici
680 1079 896 1124 cuiusdam
929 1079 980 1123 ad
1012 1079 1294 1123 Alexandrum
1328 1090 1493 1134 papam.

193 1152 317 1198 (Giles,
343 1153 431 1200 Epp.
458 1153 612 1189 'rhomae
638 1153 902 1189 Cantuariensis
927 1153 974 1197 ΙΙ,
1000 1165 1052 1189 nr.
1079 1156 1159 1196 379,
1186 1165 1266 1199 pag.
1295 1155 1510 1196 264—268.)

180 1229 410 1272 Alexandro
430 1243 562 1286 papae
584 1231 754 1284 quidam
775 1230 933 1272 amicus
955 1243 1068 1272 suus.
1118 1230 1350 1285 Imperator
1381 1244 1511 1285 quum
1531 1231 1644 1286 prin-

65 1287 175 1343 cipes
211 1300 308 1330 suos
347 1287 399 1330 ad
439 1288 616 1339 curiam,
656 1301 782 1342 quam
824 1289 881 1330 eis
920 1288 963 1329 in
993 1287 1098 1329 festo
1138 1291 1397 1342 pentecostes
1428 1288 1643 1338 indixerat,

66 1344 301 1396 adunasset,
343 1347 385 1387 et
413 1346 616 1401 principes
646 1346 726 1401 ipsi
756 1346 926 1388 sabbato
958 1347 1053 1387 ante
1084 1345 1239 1387 festum
1269 1347 1353 1401 (22.
1384 1346 1486 1400 Mai)
1518 1349 1643 1400 atque

0 1401 10 1410 ”’
65 1402 334 1457 subsequenti
373 1403 554 1445 secunda
595 1403 730 1446 feria
770 1403 828 1445 de
868 1416 994 1458 pace
1036 1403 1177 1445 inter
1212 1416 1300 1445 vos
1337 1406 1390 1445 et
1425 1416 1542 1445 eum
1570 1416 1644 1445 re-

64 1459 306 1503 formanda
339 1462 541 1503 tractare
572 1461 879 1516 coepissent:*)
916 1460 1172 1515 Reginaldus
1210 1460 1345 1503 dictus
1383 1461 1641 1503 Coloniensis

182 1574 218 1659 ἓ),
242 1575 439 1668 ξΞῗΖᾱξὲἓ
457 1575 889 1668 ἳέἓῃῖἶῗέΐέξὴζὲῗὲρῗ
913 1574 1242 1667 {33”G522⁸f‚‘¹3¹33‚
1267 1633 1320 1657 m.
1342 1624 1426 1657 189:
1452 1622 1637 1657 Defecerat

63 1669 228 1712 schisma,
253 1680 373 1716 pacem
397 1670 514 1705 fuerat
537 1672 707 1715 tyrannus
733 1673 847 1705 vester
871 1670 1036 1705 ecclesiae
1061 1670 1275 1712 redditurus,
1304 1669 1373 1704 nisi
1399 1681 1476 1704 eum
1502 1669 1637 1705 Coloni-

63 1717 156 1752 ensis
171 1717 287 1752 adhuc
303 1717 470 1752 adversus
486 1718 668 1752 ecclesiam
684 1717 860 1754 incitaret.
908 1717 1002 1752 Dass
1015 1717 1144 1762 jedoch
1160 1717 1296 1752 damals
1314 1717 1440 1752 Kaiser
1456 1717 1637 1752 Friedrich

63 1764 275 1810 keineswegs
307 1775 349 1799 zu
382 1765 477 1800 einer
501 1765 739 1810 Aussohnung
773 1765 840 1800 mit
862 1765 1062 1800 Alexander
1086 1765 1151 1800 III.
1186 1764 1339 1809 geneigt,
1376 1764 1526 1799 sondern
1559 1765 1640 1799 viel-

62 1811 161 1847 mehr
185 1812 422 1847 entechlossen
447 1823 615 1857 gewesen,
642 1812 698 1847 die
723 1812 1025 1848 alexandrinische
1049 1812 1170 1847 Partei
1197 1823 1238 1846 zu
1264 1811 1478 1855 vernichten,
1505 1812 1577 1846 und
1602 1812 1638 1846 iu

63 1858 193 1894 diesem
217 1858 323 1894 Sinna
357 1859 487 1894 sowohl
513 1860 580 1895 den
603 1859 798 1905 Reichstag
826 1860 981 1902 berusen,
1015 1860 1068 1895 als
1102 1860 1192 1894 auch
1217 1859 1371 1894 Rainald
1397 1870 1441 1894 an
1468 1859 1523 1894 die
1548 1859 1638 1893 Hofe

63 1917 94 1942 ν.
118 1905 283 1952 England
307 1918 340 1943 u.
364 1906 579 1942 Frankreich
602 1907 803 1952 geschickt,
839 1907 941 1942 darin
965 1908 1015 1942 ist
1040 1906 1268 1943 Giesebreeht
1292 1906 1382 1941 ohne
1406 1906 1544 1941 Zweifel
1568 1907 1639 1940 bei-

63 1953 283 2036 ‹zlupflichffim
297 1953 506 2037 Ssst‘zrleilichd
514 1954 564 1989 ist
576 1966 639 2036 ἐξ.
662 1955 771 2046 1111ξὲὶὲ
796 1955 932 2037 ωἱιὶᾱςι·
956 1954 1214 2037 ἕΙῗυέπϋιὲἰξ,
1244 1954 1336 2036 ldiass
1361 1953 1576 2035 nssmentllliph
1601 1954 1638 1988 in

87 2011 272 2036 erersn
322 2013 335 2036 1
395 2013 419 2036 n
506 2013 543 2037 es
630 2013 706 2036 ics
771 2013 807 2037 es
881 2013 913 2037 e1
950 2014 1097 2037 wecer
1162 2013 1244 2036 ama
1318 2012 1383 2036 noc
1443 2012 1500 2036 mc
1580 2012 1638 2035 an-

62 2047 199 2084 wesend
223 2059 305 2091 war,
340 2013 516 2084 Versffiehe
549 2049 586 2084 in
611 2049 673 2084 der
696 2030 878 2094 Riohtn'mg
907 2050 998 2084 nach
1023 2050 1117 2084 einer
1142 2049 1381 2093 Ausschnung
1406 2048 1466 2083 des
1492 2048 1636 2082 Kaisers

61 2094 129 2130 mit
142 2095 341 2131 Alexander
358 2107 422 2131 von
447 2097 557 2131 seiten
573 2097 745 2132 einzelner
760 2096 933 2140 Bischofe,
960 2097 1205 2132 insbesondere
1222 2107 1287 2131 von
1306 2096 1373 2130 den
1390 2095 1637 2130 Erzbischofen

61 2141 204 2178 Kontad
220 2155 252 2179 V.
270 2143 387 2178 Mainz
411 2144 512 2187 (iiber
536 2144 659 2178 dessen
676 2144 922 2179 Anwesenheit
939 2156 966 2179 S.
985 2146 1093 2180 unten
1105 2144 1131 2189 !)
1156 2156 1190 2180 u.
1207 2143 1418 2178 Wichmann
1444 2155 1474 2178 v.
1493 2143 1637 2187 Magde-

61 2189 162 2236 burg,
187 2190 290 2226 sowie
307 2190 386 2226 dem
402 2191 548 2226 Bischof
561 2191 743 2226 Eberhard
759 2191 806 2227 11.
825 2204 854 2227 v.
872 2192 1059 2236 Bamberg,
1085 2191 1250 2237 gemacht
1275 2191 1414 2226 worden
1433 2190 1522 2226 sind.
1562 2190 1638 2224 Seit

63 2235 141 2272 dem
165 2237 260 2273 Tode
284 2237 428 2273 Viktors
446 2238 507 2273 IV.
534 2238 605 2273 und
630 2238 692 2273 der
715 2238 908 2284 Erhebung
931 2239 1101 2274 Paschals
1120 2239 1185 2275 ΠΙ.
1212 2238 1312 2273 hatte
1338 2238 1425 2273 eben
1451 2237 1506 2272 die
1532 2236 1636 2272 Stim-

61 2295 170 2330 mnng
183 2284 241 2320 fiir
254 2284 453 2320 Alexander
468 2285 537 2321 111.
554 2285 592 2320 in
610 2285 852 2321 Deutschland
870 2286 1038 2321 Zuwachs
1054 2287 1225 2321 erhalten.
1266 2286 1347 2331 Vgl.
1367 2285 1430 2320 das
1448 2284 1636 2319 Schreiben

61 2330 123 2366 des
138 2331 331 2367 Kardinals
347 2331 434 2368 Otto
459 2344 504 2368 an
521 2333 728 2368 Erzbischof
741 2333 893 2368 Thomas
921 2346 950 2369 v.
970 2333 1190 2379 Canterbury
1215 2333 1393 2379 (Bouquet
1407 2332 1502 2376 XVI,
1529 2334 1612 2375 238)
1629 2345 1636 2366 :

60 2377 204 2414 Electus
227 2379 468 2425 Mogamtinus,
505 2380 565 2426 qui
596 2392 707 2427 nuper
737 2381 883 2416 recessit
915 2393 936 2416 a
971 2381 1110 2416 domino
1145 2392 1236 2427 papa
1261 2383 1298 2415 et
1322 2379 1430 2423 curia,
1469 2379 1634 2414 nuncium

62 2424 233 2462 Gnidonis
269 2426 315 2462 ad
347 2438 384 2462 se
415 2427 610 2463 venientem
644 2428 686 2463 de
720 2430 815 2463 terra
845 2440 910 2463 sua
934 2429 1037 2464 eiecit
1061 2431 1098 2463 et
1122 2428 1354 2463 comminatus
1378 2429 1433 2462 est
1455 2427 1498 2470 ei,
1526 2426 1629 2472 quod,

60 2472 91 2508 si
114 2473 190 2520 ipse
213 2474 267 2510 vel
291 2474 382 2509 alius
407 2475 553 2510 nuncius
578 2486 619 2510 ex
646 2477 746 2522 parte
771 2476 1074 2511 schismaticorum
1099 2476 1145 2510 ad
1176 2486 1212 2510 se
1243 2474 1391 2510 ulterius
1422 2473 1627 2520 perveniret,

59 2520 92 2555 ei
115 2521 232 2556 oculos
257 2522 334 2556 erui
357 2521 497 2558 faceret.
545 2522 682 2557 Nomen
716 2523 847 2558 domini
880 2524 1065 2558 manifeste
1097 2523 1288 2569 praedicat.
1338 2521 1414 2556 Hoc
1446 2521 1544 2556 novit
1568 2521 1630 2555 im-

102 2569 199 2604 rai'or
221 2570 259 2604 et
281 2569 433 2604 multum
457 2569 562 2605 dolet.
604 2570 652 2605 Et
675 2570 776 2616 quasi
801 2573 936 2606 certum
961 2570 1112 2606 habetur
1136 2571 1173 2604 in
1190 2572 1295 2613 terra,
1322 2568 1415 2614 quod
1431 2568 1632 2614 praedictus

98 2616 287 2660 oguntinus
313 2616 359 2651 ad
382 2617 488 2662 pedes
513 2617 644 2652 domini
668 2629 779 2664 papae
805 2618 1001 2653 accesserit.
1039 2618 1163 2652 Eidem
1188 2616 1395 2662 Moguntino
1421 2615 1634 2650 concordant

60 2672 122 2708 per
144 2663 261 2698 omnia
275 2663 497 2699 Treverensis
521 2666 558 2699 et
579 2664 859 2710 Salisburgensis
884 2667 921 2700 et
943 2666 1014 2700 fere
1037 2665 1163 2711 reliqui
1188 2665 1361 2710 principes
1386 2674 1515 2706 omnes,
1541 2663 1634 2697 sieut

61 2708 194 2754 dicunt,
227 2712 302 2746 tam
332 2711 530 2746 saeculares
565 2723 669 2757 quam
704 2712 943 2755 ecclesiastici,
974 2715 1116 2758 excepto
1140 2712 1350 2757 imperatore
1374 2712 1410 2745 et
1435 2709 1632 2745 Coloniensi

60 2758 98 2791 et
121 2756 208 2792 duce
232 2757 411 2794 Saxoniae.
460 2759 775 2804 Magdeburgensis
808 2771 917 2805 nuper
948 2759 1054 2794 rediit
1088 2759 1130 2794 de
1161 2758 1405 2803 Hierosolyma
1437 2759 1474 2792 et
1509 2759 1633 2802 captus

61 2814 83 2838 a
108 2803 290 2840 Saracenis
323 2806 436 2849 vovit,
468 2806 592 2852 quodsi
625 2807 844 2850 liberaretur,
879 2807 1018 2842 domino
1051 2818 1162 2852 papae
1195 2805 1378 2840 manifeste
1415 2804 1630 2839 adhaereret.

59 2850 109 2886 Et
131 2851 185 2886 ita
206 2852 391 2887 manifeste
415 2853 510 2889 facit.
553 2853 647 2898 (Vgl.
674 2854 762 2888 dazu
787 2854 943 2889 Fechner
968 2865 998 2889 a.
1020 2865 1050 2889 a.
1069 2853 1110 2890 Ο.
1137 2853 1171 2888 S.
1199 2856 1266 2888 444
1293 2853 1328 2895 f.‚
1356 2873 1398 2877 ——
1425 2852 1511 2886 iiber
1526 2851 1632 2886 Eber-

61 2897 149 2933 hard
173 2898 222 2934 Π.
247 2911 278 2935 v,
304 2899 480 2945 Bamberg
504 2912 531 2935 s.
558 2900 711 2946 Wagner
736 2913 766 2937 a.
787 2913 817 2937 a.
837 2901 876 2937 Ο.
904 2901 938 2936 S.
957 2904 1002 2936 70
1020 2901 1070 2944 ff.)
1121 2900 1209 2945 Sagt
1231 2900 1270 2945 ja
1294 2899 1475 2934 Friedrich
1501 2898 1630 2933 selber:
