2098 3432
424 282 478 324 84

424 394 688 428 imminente
713 394 851 429 etiam
876 394 964 430 sibi
989 394 1296 440 expeditionis
1321 395 1495 440 labore,
1519 395 1563 432 in
1588 407 1670 443 qua
1693 397 1872 434 eundem
1895 397 1960 434 iu·
2019 390 2042 432 ’ἑ

422 451 574 474 venem
597 441 786 475 militem
811 442 1063 486 sociumque
1094 442 1191 476 viae
1223 442 1382 476 habere
1413 443 1585 486 debuit,
1611 443 1712 478 finem
1736 445 1872 489 negotio
1895 445 1959 480 im·

421 498 543 530 ponere
577 487 771 530 cogebatur.
819 487 965 521 Proinde
991 488 1026 521 in
1053 488 1177 532 oppido
1207 488 1371 522 Saxoniae
1403 487 1579 524 Goslariae
1614 491 1743 524 curiam
1773 491 1959 536 celebrans,

422 535 583 576 utrosque
601 533 702 566 duces
729 533 820 567 datis
845 533 967 567 edictis
992 534 1152 569 evocavit.
1194 534 1262 568 Ubi
1288 534 1380 577 dum,
1407 535 1513 569 altero
1537 536 1702 579 veniente,
1729 537 1816 571 alter
1840 547 1876 572 se
1900 537 1960 572 ab-

423 580 592 621 sentaret,
623 579 749 612 iudicio
781 579 972 624 principum
997 580 1114 622 alteri,
1147 581 1184 614 id
1209 582 1262 615 est
1285 580 1445 614 Heinrico
1470 581 1636 616 Saxoniae
1661 582 1750 626 duci,
1780 582 1960 619 Baioariae

425 624 571 658 ducatus
598 625 842 670 adiudicatun]

534 699 576 740 C.
616 699 664 739 In
684 700 846 741 nomine
868 703 1032 742 sanctae
1054 702 1094 741 et
1112 701 1322 742 indiuidue
1342 702 1548 743 trinitatis.
1578 702 1800 744 Fridericvs
1820 703 1959 746 diuina

423 754 587 795 fauente
610 755 823 796 clementia
845 757 1122 797 Romanorum
1142 769 1222 797 rex.
1253 756 1358 807 Quia
1378 758 1429 798 ad
1447 758 1555 811 regie
1576 759 1786 812 dignitatis
1806 759 1973 813 apicem.

421 811 485 851 dei
517 811 648 863 gratia
678 813 995 862 conscendimus,
1024 813 1164 854 iccirco
1196 813 1365 865 dignum
1395 817 1466 863 est,
1495 815 1634 867 ipsius,
1663 828 1688 856 a
1717 827 1796 868 quo
1827 815 1956 858 omnis

421 870 483 908 est
511 869 692 920 potestas
706 900 727 917 ,.
750 869 957 918 notitiam,
998 869 1212 918 honorem,
1251 870 1409 910 cultum
1440 870 1632 924 ampliare
1645 902 1654 920 ,
1685 871 1871 920 dilatare,
1900 873 1958 922 ut,

421 923 526 963 sicut
547 924 596 964 ab
619 923 704 965 eius
727 925 857 977 gratia
881 927 976 965 sunt
996 925 1141 974 omnia,
1172 925 1229 966 ita
1250 925 1336 966 eius
1367 926 1516 978 gloriae
1548 926 1727 968 seruiant
1755 927 1958 969 uniuersa.

419 979 590 1020 Nouerit
612 992 704 1032 ergo
725 983 811 1021 tam
840 981 1081 1030 futurorum,
1114 994 1238 1034 quam
1266 983 1517 1034 presentium
1545 982 1754 1033 industria,
1785 983 1959 1036 qualiter

418 1048 490 1075 nos
521 1035 664 1076 dilecto
694 1039 831 1078 nostro
861 1037 1048 1078 Heinrico
1079 1037 1171 1078 duci
1202 1037 1397 1079 Saxoniae
1427 1038 1693 1088 iniunximus,
1721 1041 1770 1080 ut
1797 1039 1839 1080 in
1866 1051 1958 1093 pro—

420 1091 556 1132 uincia
585 1092 693 1133 ultra
711 1093 860 1142 Albim,
891 1106 1015 1145 quam
1037 1106 1060 1133 a
1080 1095 1220 1134 nostra
1248 1094 1525 1135 munificentia
1553 1096 1676 1144 tenet,
1707 1097 1958 1149 episcopatus

422 1149 463 1187 et
485 1143 770 1189 aeeclesias‘ad
791 1149 1046 1190 dilatandum
1072 1149 1279 1191 christiani
1309 1151 1484 1191 nominis
1514 1150 1731 1204 imperium
1759 1150 1958 1200 instituat,

418 1203 577 1256 plantet
623 1206 664 1244 et
718 1205 919 1253 aedificet;
959 1206 1282 1258 liberamque
1328 1207 1373 1247 ei
1417 1207 1772 1248 concessimus
1813 1210 1960 1262 pote-

419 1261 629 1309 statem,
668 1263 723 1300 ut
762 1261 1036 1302 aecclesiis
1079 1261 1190 1302 illis
1230 1262 1287 1303 de
1324 1262 1477 1303 bonis
1513 1262 1662 1315 regni
1700 1263 1958 1314 conferat,

419 1318 577 1369 prout
614 1317 858 1358 uoluntas
898 1330 988 1358 sua
1024 1319 1356 1371 persuaserit
1396 1321 1446 1359 et
1475 1322 1732 1359 terrarum
1761 1319 1959 1373 spacio-

423 1371 549 1412 sitas
586 1386 612 1425 p
625 1384 725 1412 erm
740 1374 751 1413 i
765 1374 905 1414 serit.
964 1373 1038 1415 Cui
1076 1374 1240 1426 negocio
1279 1377 1326 1414 ut
1365 1374 1584 1416 studiosius
1615 1377 1655 1416 et
1684 1375 1870 1427 deuotius
1898 1375 1960 1416 in-

421 1429 560 1477 sistat,
597 1429 700 1481 ipsi
742 1431 788 1470 et
828 1430 1069 1470 omnibus
1108 1430 1208 1471 sibi
1240 1430 1290 1470 in
1326 1430 1422 1471 hac
1449 1431 1728 1484 prouincia
1757 1443 1959 1473 succes-

421 1484 557 1524 suris
596 1485 926 1526 concedimus
963 1486 1336 1526 inuestituram
1365 1486 1520 1527 trium
1550 1486 1958 1541 episcopatuum

418 1540 727 1590 Aldenburc‚
774 1542 1167 1591 Michelinburc,
1196 1542 1514 1592 Racezburc,
1554 1545 1624 1592 ut,
1665 1544 1958 1596 quicunque

419 1597 471 1636 in
520 1596 686 1637 locum
735 1597 1098 1651 episcoporum
1144 1597 1334 1639 ibidem
1383 1598 1702 1650 subrogandi
1744 1601 1886 1650 sunt,
1934 1611 1959 1641 a

421 1664 568 1692 manu
598 1652 785 1706 ipsius,
826 1654 959 1706 quod
988 1654 1119 1706 regii
1149 1654 1279 1694 iuris
1311 1655 1405 1704 est,
1434 1657 1699 1707 tamquam
1729 1667 1753 1696 a
1779 1657 1959 1697 nostra

421 1709 697 1761 recipiant.
745 1709 793 1749 Id
815 1710 937 1750 etiam
959 1710 1228 1763 adiungimus,
1259 1710 1378 1763 quod,
1409 1710 1443 1751 si
1470 1711 1511 1751 in
1540 1711 1759 1763 prouinciis
1787 1712 1959 1753 circum-

421 1777 593 1816 quaque,
633 1766 674 1805 in
705 1766 852 1817 quibus
881 1766 1055 1807 necdum
1085 1766 1304 1807 christiana
1331 1766 1472 1819 religio
1501 1768 1673 1816 tenetur,
1704 1768 1958 1822 episcopatus

423 1833 500 1861 sua
522 1821 763 1862 strenuitate
784 1821 953 1863 fundare
973 1823 1161 1876 potuerit,
1191 1823 1233 1863 in
1262 1823 1326 1863 his
1357 1823 1498 1863 eadem
1526 1824 1728 1876 potestate
1757 1823 1958 1876 fungatvr.

420 1877 474 1917 Et
495 1880 542 1917 ut
563 1877 638 1918 hec
656 1881 793 1919 nostre
824 1879 1088 1920 concessionis
1120 1879 1338 1920 auctoritas
1367 1879 1523 1920 stabilis
1554 1880 1595 1920 et
1621 1879 1860 1921 inconuulsa
1886 1892 1960 1934 per

423 1945 665 1974 successura
686 1937 914 1988 temporum
933 1936 1141 1976 momenta
1159 1938 1406 1988 permaneat,
1435 1935 1540 1976 hanc
1560 1936 1714 1976 cartam
1742 1935 1837 1977 inde
1866 1948 1959 1978 con-

422 1989 613 2042 scriptam
653 2002 779 2031 manu
815 1991 994 2044 propria,
1031 1992 1080 2031 ut
1116 1991 1221 2031 infra
1262 1991 1441 2040 uidetur,
1477 1992 1798 2042 corroborantes,
1836 1991 1959 2045 sigilli

419 2045 549 2086 nostri
600 2045 863 2099 impressione
911 2047 1104 2088 iussimus
1151 2047 1349 2099 insigniri.
1418 2048 1522 2088 Acta
1565 2050 1702 2088 autem
1745 2051 1843 2089 sunt
1883 2048 1958 2090 hec

419 2177 479 2211 der
503 2177 784 2221 Kaiserkronung
816 2179 887 2215 (18.
915 2177 993 2212 Jan.
1024 2177 1124 2221 1155)
1160 2177 1362 2220 ausgestellt
1395 2177 1476 2212 sein.
1525 2177 1580 2211 Da
1612 2177 1723 2211 semer
1747 2178 1798 2212 als
1822 2177 1958 2222 Zeugen

419 2235 485 2257 nur
519 2223 714 2258 sachsische
739 2222 864 2258 Grosse
893 2223 1089 2266 fungieren,
1123 2234 1217 2257 muss
1250 2223 1303 2257 die
1333 2223 1560 2267 Ausstellung
1589 2223 1625 2257 in
1650 2223 1799 2258 Sachsen
1832 2223 1958 2268 erfolgt

420 2270 503 2304 sein.
545 2270 586 2303 In
611 2270 671 2303 der
683 2270 758 2303 Zeit
775 2269 939 2303 zwischen
957 2269 1066 2304 seiner
1079 2269 1184 2303 Wahl
1201 2280 1275 2303 zum
1291 2269 1405 2313 Konig
1422 2281 1453 2305 u,
1472 2270 1582 2303 seiner
1594 2269 1872 2315 Kaiserkriinung
1886 2281 1958 2304 war

417 2315 594 2350 Friedrich
619 2316 769 2350 zweimal
793 2315 829 2349 in
854 2315 1017 2357 Saehsen,
1046 2318 1133 2350 1152
1158 2327 1190 2350 u.
1219 2318 1317 2351 1154.
1365 2315 1474 2350 Unter
1505 2316 1570 2350 den
1594 2316 1729 2360 Zeugen
1751 2318 1859 2351 nennt
1882 2315 1957 2351 sich

418 2362 623 2396 Wichmann
649 2361 850 2396 Erzbischof
878 2373 908 2395 v.
939 2362 1154 2406 Magdeburg
1185 2373 1216 2396 u.
1243 2362 1410 2396 Berthold
1434 2361 1626 2396 Erwahlter
1658 2373 1688 2397 v.
1714 2362 1789 2397 Zeiz
1814 2361 1957 2406 (Naum-

417 2409 530 2452 burg).
579 2409 634 2442 Da
664 2420 734 2442 nun
759 2408 965 2442 Wichmann
997 2408 1070 2442 sich
1102 2408 1190 2442 noch
1222 2408 1259 2441 in
1283 2408 1377 2442 einer
1400 2407 1564 2441 Urkunde
1587 2419 1664 2442 vom
1687 2410 1719 2443 8.
1745 2408 1839 2443 Marz
1867 2411 1954 2444 1154

417 2454 559 2488 Bischof
580 2466 609 2489 v.
635 2454 839 2497 Naumburg
863 2456 970 2488 neunt
994 2466 1026 2489 u.
1051 2454 1218 2488 Berthold
1242 2454 1331 2488 wohl
1355 2454 1454 2488 nicht
1476 2465 1535 2488 vor
1560 2453 1620 2488 der
1642 2453 1817 2489 Romreise
1839 2454 1956 2489 Wich-

415 2512 538 2535 manns
563 2500 762 2545 (April-Mai
790 2502 891 2542 1154)
917 2511 957 2533 zu
983 2500 1103 2534 desscn
1126 2500 1335 2543 Nachfolger
1358 2500 1508 2543 gewahlt
1532 2500 1667 2534 worden
1693 2500 1764 2535 sein
1788 2500 1886 2544 wird,
1911 2500 1956 2534 da

419 2547 577 2581 iiberdies
601 2547 766 2580 Heinrich
791 2546 878 2580 noch
904 2546 1181 2580 ausschliesslich
1196 2546 1331 2590 Herzog
1355 2558 1384 2580 v.
1403 2546 1553 2580 Sachsen
1578 2548 1731 2590 genennt
1756 2546 1852 2589 wird,
1877 2546 1956 2581 fallt

417 2593 470 2627 die
486 2593 650 2627 Urkunde
666 2593 702 2626 in
720 2593 783 2626 den
801 2593 939 2634 Anfang
964 2592 1023 2626 des
1042 2593 1195 2636 „Tages“
1214 2603 1254 2626 zu
1275 2591 1408 2634 Goslar,
1432 2592 1515 2626 Juni
1536 2595 1632 2626 1154.
1672 2591 1737 2627 Die
1753 2593 1956 2637 Belehnung

417 2639 476 2673 der
493 2639 650 2673 Bischofe
674 2650 704 2673 V.
723 2638 923 2682 Oldenburg
947 2638 1077 2683 (spater
1091 2639 1250 2680 Liibeck)‚
1275 2638 1519 2682 Mecklenburg
1542 2650 1576 2672 u.
1592 2638 1790 2683 Ratzeburg
1812 2638 1955 2684 erfolgte

416 2688 488 2719 erst
519 2686 566 2719 im
590 2685 622 2720 J.
652 2687 750 2720 1160.
799 2685 876 2729 Vgl.
912 2685 996 2718 iiber
1020 2685 1074 2718 die
1097 2685 1262 2718 Urkunde
1285 2685 1506 2729 Philippson,
1539 2683 1660 2719 Gesch.
1685 2684 1870 2719 Heinrichs
1895 2684 1954 2719 des

415 2732 537 2766 Lcwen
561 2743 594 2766 u.
613 2731 672 2766 der
687 2730 893 2765 Welfischen
909 2742 941 2765 u.
960 2730 1175 2765 Staufischen
1191 2731 1319 2765 Politik
1336 2731 1446 2765 seiner
1462 2731 1537 2764 Zeit
1552 2730 1580 2773 Ι,
1609 2733 1690 2773 177;
1714 2730 1819 2765 Prutz
1834 2730 1863 2772 I,
1890 2733 1932 2766 56
1946 2745 1954 2774 ;

417 2777 639 2812 Giesebrecht
662 2777 703 2819 V,
729 2780 784 2819 36,
810 2780 895 2819 353;
921 2777 1076 2818 Nitzsch,
1102 2776 1223 2812 Gesch.
1251 2777 1284 2812 (1.
1311 2777 1342 2812 (1.
1366 2777 1407 2811 V.
1426 2777 1472 2819 H,
1499 2779 1565 2811 233
1591 2778 1697 2820 (,‚von
1721 2776 1766 2810 da
1789 2777 1833 2811 ab
1858 2777 1955 2811 iiber-

414 2824 536 2868 fliigelt
571 2823 725 2858 definitiv
761 2823 822 2857 der
853 2823 1023 2857 weltliche
1047 2823 1196 2857 Einfluss
1228 2823 1287 2857 des
1311 2823 1464 2867 Herzogs
1494 2822 1559 2856 den
1593 2822 1803 2857 kirchlichen
1826 2833 1870 2858 an
1895 2822 1956 2858 der

415 2882 546 2914 ganzen
569 2869 841 2913 Ostseekiiste“).
