<?xml version="1.0" encoding="UTF-8"?>
<!DOCTYPE html PUBLIC "-//W3C//DTD XHTML 1.0 Transitional//EN"
    "http://www.w3.org/TR/xhtml1/DTD/xhtml1-transitional.dtd">
<html xmlns="http://www.w3.org/1999/xhtml" xml:lang="en" lang="en">
 <head>
  <title>
</title>
<meta http-equiv="Content-Type" content="text/html;charset=utf-8" />
  <meta name='ocr-system' content='tesseract 3.04.00' />
  <meta name='ocr-capabilities' content='ocr_page ocr_carea ocr_par ocr_line ocrx_word'/>
</head>
<body>
  <div class='ocr_page' id='page_1' title='image "./monumentagermani04doebuoft_0185.png"; bbox 0 0 2098 3432; ppageno 0'>
   <div class='ocr_carea' id='block_1_1' title="bbox 1613 267 1692 308">
    <p class='ocr_par' dir='ltr' id='par_1_1' title="bbox 1613 267 1692 308">
     <span class='ocr_line' id='line_1_1' title="bbox 1613 267 1692 308; baseline -0.013 0"><span class='ocrx_word' id='word_1_1' title='bbox 1613 267 1692 308; x_wconf 86' lang='lat'><strong>171</strong></span> 
     </span>
    </p>
   </div>
   <div class='ocr_carea' id='block_1_2' title="bbox 929 380 1702 1510">
    <p class='ocr_par' dir='ltr' id='par_1_2' title="bbox 929 380 1702 1510">
     <span class='ocr_line' id='line_1_2' title="bbox 929 380 1697 427; baseline -0.001 -11"><span class='ocrx_word' id='word_1_2' title='bbox 929 381 1055 416; x_wconf 67' lang='lat' dir='ltr'><strong>hanon)</strong></span> <span class='ocrx_word' id='word_1_3' title='bbox 1071 382 1108 416; x_wconf 88' lang='lat' dir='ltr'><strong>et</strong></span> <span class='ocrx_word' id='word_1_4' title='bbox 1123 392 1205 416; x_wconf 89' lang='lat' dir='ltr'><strong>suos</strong></span> <span class='ocrx_word' id='word_1_5' title='bbox 1221 391 1388 427; x_wconf 84' lang='lat' dir='ltr'><strong>sequaces</strong></span> <span class='ocrx_word' id='word_1_6' title='bbox 1403 380 1601 416; x_wconf 81' lang='lat' dir='ltr'>cardinales</span> <span class='ocrx_word' id='word_1_7' title='bbox 1617 391 1697 415; x_wconf 85' lang='lat' dir='ltr'><strong>cnm</strong></span> 
     </span>
     <span class='ocr_line' id='line_1_3' title="bbox 929 427 1697 464; baseline -0.001 -1"><span class='ocrx_word' id='word_1_8' title='bbox 929 427 1251 464; x_wconf 82' lang='lat' dir='ltr'>Mediolanensibus</span> <span class='ocrx_word' id='word_1_9' title='bbox 1267 430 1304 463; x_wconf 90' lang='lat' dir='ltr'><strong>et</strong></span> <span class='ocrx_word' id='word_1_10' title='bbox 1316 428 1433 463; x_wconf 89' lang='lat' dir='ltr'><strong>Siculo</strong></span> <span class='ocrx_word' id='word_1_11' title='bbox 1447 427 1697 463; x_wconf 84' lang='lat' dir='ltr'><strong>nefandissime</strong></span> 
     </span>
     <span class='ocr_line' id='line_1_4' title="bbox 929 475 1699 522; baseline 0 -12"><span class='ocrx_word' id='word_1_12' title='bbox 929 477 1178 522; x_wconf 68' lang='lat' dir='ltr'><strong>perpetratam,</strong></span> <span class='ocrx_word' id='word_1_13' title='bbox 1191 478 1295 522; x_wconf 89' lang='lat' dir='ltr'><strong>etper</strong></span> <span class='ocrx_word' id='word_1_14' title='bbox 1306 475 1401 521; x_wconf 89' lang='lat' dir='ltr'><strong>ipsos</strong></span> <span class='ocrx_word' id='word_1_15' title='bbox 1413 475 1650 510; x_wconf 82' lang='lat' dir='ltr'><strong>coniuratores</strong></span> <span class='ocrx_word' id='word_1_16' title='bbox 1662 476 1699 510; x_wconf 88' lang='lat' dir='ltr'><strong>et</strong></span> 
     </span>
     <span class='ocr_line' id='line_1_5' title="bbox 929 521 1696 569; baseline -0.003 -11"><span class='ocrx_word' id='word_1_17' title='bbox 929 534 991 569; x_wconf 89' lang='lat' dir='ltr'><strong>per</strong></span> <span class='ocrx_word' id='word_1_18' title='bbox 1021 522 1162 558; x_wconf 74' lang='lat' dir='ltr'><strong>litteras</strong></span> <span class='ocrx_word' id='word_1_19' title='bbox 1185 522 1352 558; x_wconf 82' lang='lat' dir='ltr'><strong>Bollandi</strong></span> <span class='ocrx_word' id='word_1_20' title='bbox 1375 521 1696 558; x_wconf 81' lang='lat' dir='ltr'><strong>Mediolanensibus</strong></span> 
     </span>
     <span class='ocr_line' id='line_1_6' title="bbox 930 569 1699 614; baseline -0.001 -9"><span class='ocrx_word' id='word_1_21' title='bbox 930 570 1084 605; x_wconf 81' lang='lat' dir='ltr'><strong>directas</strong></span> <span class='ocrx_word' id='word_1_22' title='bbox 1107 571 1145 605; x_wconf 88' lang='lat' dir='ltr'><strong>et</strong></span> <span class='ocrx_word' id='word_1_23' title='bbox 1167 569 1248 605; x_wconf 86' lang='lat' dir='ltr'><strong>aliis</strong></span> <span class='ocrx_word' id='word_1_24' title='bbox 1272 569 1570 605; x_wconf 77' lang='lat' dir='ltr'><strong>manifestissimis</strong></span> <span class='ocrx_word' id='word_1_25' title='bbox 1595 579 1699 614; x_wconf 89' lang='lat' dir='ltr'><strong>argu-</strong></span> 
     </span>
     <span class='ocr_line' id='line_1_7' title="bbox 929 616 1697 662; baseline -0.001 -10"><span class='ocrx_word' id='word_1_26' title='bbox 929 617 1059 652; x_wconf 86' lang='lat' dir='ltr'><strong>mentis</strong></span> <span class='ocrx_word' id='word_1_27' title='bbox 1073 617 1395 661; x_wconf 82' lang='lat' dir='ltr'><strong>deprehendimusb)</strong></span> <span class='ocrx_word' id='word_1_28' title='bbox 1408 618 1447 651; x_wconf 90' lang='lat' dir='ltr'><strong>et</strong></span> <span class='ocrx_word' id='word_1_29' title='bbox 1462 616 1697 662; x_wconf 87' lang='lat' dir='ltr'><strong>cognovimus.</strong></span> 
     </span>
     <span class='ocr_line' id='line_1_8' title="bbox 930 663 1700 700; baseline -0.003 0"><span class='ocrx_word' id='word_1_30' title='bbox 930 663 1038 700; x_wconf 87' lang='lat' dir='ltr'><strong>Cuius</strong></span> <span class='ocrx_word' id='word_1_31' title='bbox 1055 664 1306 700; x_wconf 88' lang='lat' dir='ltr'><strong>coniurationis</strong></span> <span class='ocrx_word' id='word_1_32' title='bbox 1318 665 1420 699; x_wconf 85' lang='lat' dir='ltr'><strong>tenor</strong></span> <span class='ocrx_word' id='word_1_33' title='bbox 1432 665 1470 699; x_wconf 88' lang='lat' dir='ltr'><strong>et</strong></span> <span class='ocrx_word' id='word_1_34' title='bbox 1482 663 1700 699; x_wconf 81' lang='lat' dir='ltr'><strong>continentia</strong></span> 
     </span>
     <span class='ocr_line' id='line_1_9' title="bbox 930 710 1699 757; baseline -0.001 -10"><span class='ocrx_word' id='word_1_35' title='bbox 930 711 1015 747; x_wconf 87' lang='lat' dir='ltr'><strong>talis</strong></span> <span class='ocrx_word' id='word_1_36' title='bbox 1047 713 1144 747; x_wconf 87' lang='lat' dir='ltr'><strong>erat:</strong></span> <span class='ocrx_word' id='word_1_37' title='bbox 1187 713 1232 747; x_wconf 90' lang='lat' dir='ltr'><strong>ut</strong></span> <span class='ocrx_word' id='word_1_38' title='bbox 1261 722 1453 757; x_wconf 82' lang='lat' dir='ltr'><strong>numquam</strong></span> <span class='ocrx_word' id='word_1_39' title='bbox 1493 710 1584 746; x_wconf 78' lang='lat' dir='ltr'><strong>alter</strong></span> <span class='ocrx_word' id='word_1_40' title='bbox 1623 710 1699 746; x_wconf 86' lang='lat' dir='ltr'><strong>sine</strong></span> 
     </span>
     <span class='ocr_line' id='line_1_10' title="bbox 931 758 1699 804; baseline -0.003 -10"><span class='ocrx_word' id='word_1_41' title='bbox 931 758 1042 794; x_wconf 86' lang='lat' dir='ltr'><strong>altero</strong></span> <span class='ocrx_word' id='word_1_42' title='bbox 1051 770 1130 794; x_wconf 86' lang='lat' dir='ltr'><strong>cum</strong></span> <span class='ocrx_word' id='word_1_43' title='bbox 1139 758 1300 794; x_wconf 88' lang='lat' dir='ltr'><strong>Romano</strong></span> <span class='ocrx_word' id='word_1_44' title='bbox 1311 758 1457 804; x_wconf 85' lang='lat' dir='ltr'><strong>imperio</strong></span> <span class='ocrx_word' id='word_1_45' title='bbox 1470 769 1592 802; x_wconf 83' lang='lat' dir='ltr'><strong>pacem</strong></span> <span class='ocrx_word' id='word_1_46' title='bbox 1605 759 1699 793; x_wconf 74' lang='lat' dir='ltr'><strong>tene-</strong></span> 
     </span>
     <span class='ocr_line' id='line_1_11' title="bbox 929 804 1699 852; baseline -0.001 -11"><span class='ocrx_word' id='word_1_47' title='bbox 929 807 1001 850; x_wconf 83' lang='lat' dir='ltr'><strong>ret3</strong></span> <span class='ocrx_word' id='word_1_48' title='bbox 1017 807 1055 841; x_wconf 85' lang='lat' dir='ltr'><strong>et</strong></span> <span class='ocrx_word' id='word_1_49' title='bbox 1067 805 1098 841; x_wconf 92' lang='lat' dir='ltr'><strong>si</strong></span> <span class='ocrx_word' id='word_1_50' title='bbox 1109 806 1252 841; x_wconf 87' lang='lat' dir='ltr'><strong>interim</strong></span> <span class='ocrx_word' id='word_1_51' title='bbox 1264 816 1392 852; x_wconf 87' lang='lat' dir='ltr'><strong>papam</strong></span> <span class='ocrx_word' id='word_1_52' title='bbox 1401 804 1598 840; x_wconf 79' lang='lat' dir='ltr'><strong>Adrianum</strong></span> <span class='ocrx_word' id='word_1_53' title='bbox 1610 804 1699 840; x_wconf 89' lang='lat' dir='ltr'><strong>mori</strong></span> 
     </span>
     <span class='ocr_line' id='line_1_12' title="bbox 929 851 1698 899; baseline -0.003 -11"><span class='ocrx_word' id='word_1_54' title='bbox 929 853 1160 899; x_wconf 86' lang='lat' dir='ltr'><strong>contingeret,</strong></span> <span class='ocrx_word' id='word_1_55' title='bbox 1177 864 1284 888; x_wconf 89' lang='lat' dir='ltr'><strong>unum</strong></span> <span class='ocrx_word' id='word_1_56' title='bbox 1302 853 1346 888; x_wconf 90' lang='lat' dir='ltr'><strong>de</strong></span> <span class='ocrx_word' id='word_1_57' title='bbox 1361 852 1435 887; x_wconf 82' lang='lat' dir='ltr'><strong>illis</strong></span> <span class='ocrx_word' id='word_1_58' title='bbox 1447 851 1698 895; x_wconf 81' lang='lat' dir='ltr'><strong>cardinalibus,</strong></span> 
     </span>
     <span class='ocr_line' id='line_1_13' title="bbox 930 899 1699 946; baseline -0.003 -10"><span class='ocrx_word' id='word_1_59' title='bbox 930 902 968 936; x_wconf 88' lang='lat' dir='ltr'><strong>et</strong></span> <span class='ocrx_word' id='word_1_60' title='bbox 983 911 1053 936; x_wconf 92' lang='lat' dir='ltr'><strong>non</strong></span> <span class='ocrx_word' id='word_1_61' title='bbox 1071 900 1180 935; x_wconf 88' lang='lat' dir='ltr'><strong>alium</strong></span> <span class='ocrx_word' id='word_1_62' title='bbox 1203 900 1242 935; x_wconf 93' lang='lat' dir='ltr'><strong>in</strong></span> <span class='ocrx_word' id='word_1_63' title='bbox 1257 910 1386 946; x_wconf 87' lang='lat' dir='ltr'><strong>papam</strong></span> <span class='ocrx_word' id='word_1_64' title='bbox 1402 899 1612 944; x_wconf 74' lang='lat' dir='ltr'><strong>eligerento),</strong></span> <span class='ocrx_word' id='word_1_65' title='bbox 1637 899 1699 945; x_wconf 84' lang='lat' dir='ltr'><strong>qui</strong></span> 
     </span>
     <span class='ocr_line' id='line_1_14' title="bbox 931 947 1568 990; baseline -0.003 -7"><span class='ocrx_word' id='word_1_66' title='bbox 931 947 1053 983; x_wconf 90' lang='lat' dir='ltr'><strong>eadem</strong></span> <span class='ocrx_word' id='word_1_67' title='bbox 1078 947 1317 983; x_wconf 88' lang='lat' dir='ltr'><strong>coniuratione</strong></span> <span class='ocrx_word' id='word_1_68' title='bbox 1340 948 1568 990; x_wconf 57' lang='lat' dir='ltr'><strong>tenereturs)</strong></span> 
     </span>
     <span class='ocr_line' id='line_1_15' title="bbox 932 993 1700 1041; baseline -0.003 -11"><span class='ocrx_word' id='word_1_69' title='bbox 932 994 1027 1040; x_wconf 84' lang='lat' dir='ltr'><strong>(loc)</strong></span> <span class='ocrx_word' id='word_1_70' title='bbox 1065 994 1134 1030; x_wconf 88' lang='lat' dir='ltr'><strong>Per</strong></span> <span class='ocrx_word' id='word_1_71' title='bbox 1157 994 1290 1041; x_wconf 86' lang='lat' dir='ltr'><strong>scripta</strong></span> <span class='ocrx_word' id='word_1_72' title='bbox 1314 993 1422 1029; x_wconf 87' lang='lat' dir='ltr'><strong>etiam</strong></span> <span class='ocrx_word' id='word_1_73' title='bbox 1445 993 1613 1028; x_wconf 85' lang='lat' dir='ltr'><strong>Rollandi</strong></span> <span class='ocrx_word' id='word_1_74' title='bbox 1637 1004 1700 1028; x_wconf 89' lang='lat' dir='ltr'><strong>suo</strong></span> 
     </span>
     <span class='ocr_line' id='line_1_16' title="bbox 931 1040 1702 1087; baseline -0.003 -10"><span class='ocrx_word' id='word_1_75' title='bbox 931 1041 1049 1087; x_wconf 84' lang='lat' dir='ltr'><strong>sigillo</strong></span> <span class='ocrx_word' id='word_1_76' title='bbox 1065 1041 1206 1077; x_wconf 85' lang='lat' dir='ltr'><strong>bullata</strong></span> <span class='ocrx_word' id='word_1_77' title='bbox 1231 1042 1268 1077; x_wconf 87' lang='lat' dir='ltr'><strong>et</strong></span> <span class='ocrx_word' id='word_1_78' title='bbox 1291 1041 1328 1076; x_wconf 90' lang='lat' dir='ltr'><strong>in</strong></span> <span class='ocrx_word' id='word_1_79' title='bbox 1347 1041 1466 1076; x_wconf 73' lang='lat' dir='ltr'><strong>orbed)</strong></span> <span class='ocrx_word' id='word_1_80' title='bbox 1491 1040 1702 1076; x_wconf 81' lang='lat' dir='ltr'><strong>transmissa</strong></span> 
     </span>
     <span class='ocr_line' id='line_1_17' title="bbox 932 1087 1700 1135; baseline -0.001 -11"><span class='ocrx_word' id='word_1_81' title='bbox 932 1091 970 1124; x_wconf 88' lang='lat' dir='ltr'><strong>et</strong></span> <span class='ocrx_word' id='word_1_82' title='bbox 992 1089 1030 1124; x_wconf 92' lang='lat' dir='ltr'><strong>in</strong></span> <span class='ocrx_word' id='word_1_83' title='bbox 1054 1090 1242 1135; x_wconf 87' lang='lat' dir='ltr'><strong>conspectu</strong></span> <span class='ocrx_word' id='word_1_84' title='bbox 1267 1087 1406 1124; x_wconf 85' lang='lat' dir='ltr'><strong>concilii</strong></span> <span class='ocrx_word' id='word_1_85' title='bbox 1432 1087 1582 1123; x_wconf 85' lang='lat' dir='ltr'><strong>recitata</strong></span> <span class='ocrx_word' id='word_1_86' title='bbox 1605 1099 1700 1123; x_wconf 89' lang='lat' dir='ltr'><strong>men-</strong></span> 
     </span>
     <span class='ocr_line' id='line_1_18' title="bbox 932 1134 1702 1172; baseline -0.003 -1"><span class='ocrx_word' id='word_1_87' title='bbox 932 1136 1034 1172; x_wconf 86' lang='lat' dir='ltr'><strong>dacia</strong></span> <span class='ocrx_word' id='word_1_88' title='bbox 1077 1135 1367 1171; x_wconf 84' lang='lat' dir='ltr'><strong>manifestissima</strong></span> <span class='ocrx_word' id='word_1_89' title='bbox 1402 1137 1439 1170; x_wconf 87' lang='lat' dir='ltr'><strong>et</strong></span> <span class='ocrx_word' id='word_1_90' title='bbox 1475 1134 1702 1170; x_wconf 80' lang='lat' dir='ltr'><strong>detestabilia</strong></span> 
     </span>
     <span class='ocr_line' id='line_1_19' title="bbox 932 1181 1701 1230; baseline -0.004 -11"><span class='ocrx_word' id='word_1_91' title='bbox 932 1183 1225 1230; x_wconf 85' lang='lat' dir='ltr'><strong>deprehendimus</strong></span> <span class='ocrx_word' id='word_1_92' title='bbox 1254 1183 1292 1218; x_wconf 93' lang='lat' dir='ltr'><strong>in</strong></span> <span class='ocrx_word' id='word_1_93' title='bbox 1329 1182 1416 1217; x_wconf 86' lang='lat' dir='ltr'><strong>haec</strong></span> <span class='ocrx_word' id='word_1_94' title='bbox 1451 1182 1576 1217; x_wconf 87' lang='lat' dir='ltr'><strong>verba:</strong></span> <span class='ocrx_word' id='word_1_95' title='bbox 1627 1181 1701 1226; x_wconf 86' lang='lat' dir='ltr'><strong>,Te-</strong></span> 
     </span>
     <span class='ocr_line' id='line_1_20' title="bbox 931 1229 1701 1276; baseline -0.003 -10"><span class='ocrx_word' id='word_1_96' title='bbox 931 1233 1068 1266; x_wconf 84' lang='lat' dir='ltr'><strong>stamur</strong></span> <span class='ocrx_word' id='word_1_97' title='bbox 1090 1230 1216 1274; x_wconf 91' lang='lat' dir='ltr'><strong>Deum,</strong></span> <span class='ocrx_word' id='word_1_98' title='bbox 1246 1241 1349 1276; x_wconf 90' lang='lat' dir='ltr'><strong>quem</strong></span> <span class='ocrx_word' id='word_1_99' title='bbox 1373 1229 1510 1264; x_wconf 90' lang='lat' dir='ltr'><strong>nullum</strong></span> <span class='ocrx_word' id='word_1_100' title='bbox 1534 1229 1626 1264; x_wconf 85' lang='lat' dir='ltr'><strong>latet</strong></span> <span class='ocrx_word' id='word_1_101' title='bbox 1649 1240 1701 1264; x_wconf 86' lang='lat' dir='ltr'><strong>se-</strong></span> 
     </span>
     <span class='ocr_line' id='line_1_21' title="bbox 930 1276 1699 1324; baseline -0.004 -10"><span class='ocrx_word' id='word_1_102' title='bbox 930 1279 1076 1322; x_wconf 84' lang='lat' dir='ltr'><strong>cretum,</strong></span> <span class='ocrx_word' id='word_1_103' title='bbox 1093 1277 1187 1324; x_wconf 92' lang='lat' dir='ltr'><strong>quod</strong></span> <span class='ocrx_word' id='word_1_104' title='bbox 1202 1289 1272 1313; x_wconf 88' lang='lat' dir='ltr'><strong>non</strong></span> <span class='ocrx_word' id='word_1_105' title='bbox 1288 1276 1508 1312; x_wconf 83' lang='lat' dir='ltr'><strong>mendacium</strong></span> <span class='ocrx_word' id='word_1_106' title='bbox 1521 1276 1699 1321; x_wconf 85' lang='lat' dir='ltr'><strong>fingimus,</strong></span> 
     </span>
     <span class='ocr_line' id='line_1_22' title="bbox 930 1323 1701 1370; baseline -0.003 -10"><span class='ocrx_word' id='word_1_107' title='bbox 930 1325 992 1361; x_wconf 88' lang='lat' dir='ltr'><strong>sed</strong></span> <span class='ocrx_word' id='word_1_108' title='bbox 1004 1337 1137 1360; x_wconf 91' lang='lat' dir='ltr'><strong>meram</strong></span> <span class='ocrx_word' id='word_1_109' title='bbox 1149 1325 1243 1360; x_wconf 85' lang='lat' dir='ltr'><strong>sicut</strong></span> <span class='ocrx_word' id='word_1_110' title='bbox 1255 1326 1311 1360; x_wconf 91' lang='lat' dir='ltr'><strong>est</strong></span> <span class='ocrx_word' id='word_1_111' title='bbox 1318 1324 1495 1370; x_wconf 86' lang='lat' dir='ltr'><strong>loquimur</strong></span> <span class='ocrx_word' id='word_1_112' title='bbox 1503 1323 1701 1367; x_wconf 84' lang='lat' dir='ltr'><strong>veritatem,</strong></span> 
     </span>
     <span class='ocr_line' id='line_1_23' title="bbox 953 1369 1700 1418; baseline -0.003 -10"><span class='ocrx_word' id='word_1_113' title='bbox 953 1373 1014 1408; x_wconf 90' lang='lat' dir='ltr'><strong>uia</strong></span> <span class='ocrx_word' id='word_1_114' title='bbox 1026 1373 1095 1408; x_wconf 92' lang='lat' dir='ltr'><strong>duo</strong></span> <span class='ocrx_word' id='word_1_115' title='bbox 1106 1374 1248 1408; x_wconf 88' lang='lat' dir='ltr'><strong>tantum</strong></span> <span class='ocrx_word' id='word_1_116' title='bbox 1263 1372 1445 1418; x_wconf 83' lang='lat' dir='ltr'><strong>elegerunt</strong></span> <span class='ocrx_word' id='word_1_117' title='bbox 1457 1369 1700 1415; x_wconf 83' lang='lat' dir='ltr'><strong>Octavianum,</strong></span> 
     </span>
     <span class='ocr_line' id='line_1_24' title="bbox 929 1384 1702 1462; baseline -0.004 -6"><span class='ocrx_word' id='word_1_118' title='bbox 929 1384 1104 1456; x_wconf 35' lang='lat' dir='ltr'><strong>lohannes</strong></span> <span class='ocrx_word' id='word_1_119' title='bbox 1125 1419 1239 1455; x_wconf 90' lang='lat' dir='ltr'><strong>sancti</strong></span> <span class='ocrx_word' id='word_1_120' title='bbox 1251 1419 1399 1454; x_wconf 90' lang='lat' dir='ltr'><strong>Martini</strong></span> <span class='ocrx_word' id='word_1_121' title='bbox 1411 1420 1449 1454; x_wconf 91' lang='lat' dir='ltr'><strong>et</strong></span> <span class='ocrx_word' id='word_1_122' title='bbox 1459 1417 1604 1462; x_wconf 78' lang='lat' dir='ltr'><strong>G(uido)</strong></span> <span class='ocrx_word' id='word_1_123' title='bbox 1622 1417 1702 1454; x_wconf 89' lang='lat' dir='ltr'><strong>Cre-</strong></span> 
     </span>
     <span class='ocr_line' id='line_1_25' title="bbox 930 1465 1701 1510; baseline -0.004 -7"><span class='ocrx_word' id='word_1_124' title='bbox 930 1467 1060 1503; x_wconf 89' lang='lat' dir='ltr'><strong>mensis</strong></span> <span class='ocrx_word' id='word_1_125' title='bbox 1070 1467 1278 1510; x_wconf 85' lang='lat' dir='ltr'><strong>cardinales,</strong></span> <span class='ocrx_word' id='word_1_126' title='bbox 1292 1466 1399 1502; x_wconf 75' lang='lat' dir='ltr'><strong>ceteri</strong></span> <span class='ocrx_word' id='word_1_127' title='bbox 1412 1476 1490 1502; x_wconf 88' lang='lat' dir='ltr'><strong>vero</strong></span> <span class='ocrx_word' id='word_1_128' title='bbox 1503 1467 1651 1501; x_wconf 70' lang='lat' dir='ltr'><strong>omneso)</strong></span> <span class='ocrx_word' id='word_1_129' title='bbox 1662 1465 1701 1500; x_wconf 91' lang='lat' dir='ltr'><strong>in</strong></span> 
     </span>
    </p>
   </div>
   <div class='ocr_carea' id='block_1_3' title="bbox 935 1538 1036 1541">
    <p class='ocr_par' dir='ltr' id='par_1_3' title="bbox 935 1538 1036 1541">
     <span class='ocr_line' id='line_1_26' title="bbox 935 1538 1036 1541; baseline 0 0"><span class='ocrx_word' id='word_1_130' title='bbox 935 1538 1036 1541; x_wconf 95' lang='lat' dir='ltr'><strong> </strong></span> 
     </span>
    </p>
   </div>
   <div class='ocr_carea' id='block_1_4' title="bbox 933 1568 1702 1711">
    <p class='ocr_par' dir='ltr' id='par_1_4' title="bbox 933 1568 1702 1711">
     <span class='ocr_line' id='line_1_27' title="bbox 978 1568 1701 1662; baseline 0 -10"><span class='ocrx_word' id='word_1_131' title='bbox 978 1569 1017 1662; x_wconf 44' lang='grc' dir='ltr'><strong>ἒξ</strong></span> <span class='ocrx_word' id='word_1_132' title='bbox 1039 1568 1263 1652; x_wconf 47' lang='lat' dir='ltr'><strong>{Dikaerc</strong></span> <span class='ocrx_word' id='word_1_133' title='bbox 1289 1615 1490 1652; x_wconf 85' lang='lat' dir='ltr'><strong>Rolandum</strong></span> <span class='ocrx_word' id='word_1_134' title='bbox 1537 1619 1575 1652; x_wconf 91' lang='lat' dir='ltr'><strong>et</strong></span> <span class='ocrx_word' id='word_1_135' title='bbox 1619 1629 1701 1653; x_wconf 90' lang='lat' dir='ltr'><strong>suos</strong></span> 
     </span>
     <span class='ocr_line' id='line_1_28' title="bbox 933 1662 1702 1711; baseline 0 -11"><span class='ocrx_word' id='word_1_136' title='bbox 933 1675 1099 1711; x_wconf 83' lang='lat' dir='ltr'><strong>sequaces</strong></span> <span class='ocrx_word' id='word_1_137' title='bbox 1129 1662 1326 1699; x_wconf 76' lang='lat' dir='ltr'><strong>cardinales</strong></span> <span class='ocrx_word' id='word_1_138' title='bbox 1354 1664 1603 1700; x_wconf 86' lang='lat' dir='ltr'><strong>nefandissime</strong></span> <span class='ocrx_word' id='word_1_139' title='bbox 1625 1676 1702 1711; x_wconf 92' lang='lat' dir='ltr'><strong>per-</strong></span> 
     </span>
    </p>
   </div>
   <div class='ocr_carea' id='block_1_5' title="bbox 863 1710 1700 1759">
    <p class='ocr_par' dir='ltr' id='par_1_5' title="bbox 863 1710 1700 1759">
     <span class='ocr_line' id='line_1_29' title="bbox 863 1710 1700 1759; baseline 0.001 -13"><span class='ocrx_word' id='word_1_140' title='bbox 863 1725 866 1728; x_wconf 92' lang='grc'><em>·</em></span> <span class='ocrx_word' id='word_1_141' title='bbox 932 1713 1121 1759; x_wconf 82' lang='lat' dir='ltr'><strong>petratam,</strong></span> <span class='ocrx_word' id='word_1_142' title='bbox 1158 1721 1222 1757; x_wconf 87' lang='lat' dir='ltr'><strong>per</strong></span> <span class='ocrx_word' id='word_1_143' title='bbox 1244 1710 1340 1756; x_wconf 87' lang='lat' dir='ltr'><strong>ipsos</strong></span> <span class='ocrx_word' id='word_1_144' title='bbox 1366 1739 1374 1747; x_wconf 96' lang='lat'>.</span> <span class='ocrx_word' id='word_1_145' title='bbox 1401 1741 1409 1748; x_wconf 90' lang='lat'><strong><em>.</em></strong></span> <span class='ocrx_word' id='word_1_146' title='bbox 1437 1739 1446 1747; x_wconf 88' lang='lat'><strong>.</strong></span> <span class='ocrx_word' id='word_1_147' title='bbox 1477 1711 1618 1748; x_wconf 89' lang='lat' dir='ltr'><strong>indiciis</strong></span> <span class='ocrx_word' id='word_1_148' title='bbox 1643 1712 1700 1748; x_wconf 90' lang='lat' dir='ltr'><strong>de-</strong></span> 
     </span>
    </p>
   </div>
   <div class='ocr_carea' id='block_1_6' title="bbox 0 0 309 3258">
    <p class='ocr_par' dir='ltr' id='par_1_6' title="bbox 0 0 309 3258">
     <span class='ocr_line' id='line_1_30' title="bbox 0 0 309 3258; baseline 0 0"><span class='ocrx_word' id='word_1_149' title='bbox 0 0 309 3258; x_wconf 95' lang='lat' dir='ltr'><strong> </strong></span> 
     </span>
    </p>
   </div>
   <div class='ocr_carea' id='block_1_7' title="bbox 0 3324 118 3428">
    <p class='ocr_par' dir='ltr' id='par_1_7' title="bbox 0 3324 118 3428">
     <span class='ocr_line' id='line_1_31' title="bbox 0 3324 118 3428; baseline 0 4"><span class='ocrx_word' id='word_1_150' title='bbox 0 3324 118 3428; x_wconf 95' lang='lat' dir='ltr'><strong> </strong></span> 
     </span>
    </p>
   </div>
   <div class='ocr_carea' id='block_1_8' title="bbox 899 1758 1704 2930">
    <p class='ocr_par' dir='ltr' id='par_1_8' title="bbox 933 1758 1192 1806">
     <span class='ocr_line' id='line_1_32' title="bbox 933 1758 1192 1806; baseline -0.008 -11"><span class='ocrx_word' id='word_1_151' title='bbox 933 1758 1192 1806; x_wconf 87' lang='lat' dir='ltr'><strong>prehendimus.</strong></span> 
     </span>
    </p>

    <p class='ocr_par' dir='ltr' id='par_1_9' title="bbox 987 1804 1287 1851">
     <span class='ocr_line' id='line_1_33' title="bbox 987 1804 1287 1851; baseline 0 -10"><span class='ocrx_word' id='word_1_152' title='bbox 987 1806 1019 1851; x_wconf 86' lang='lat' dir='ltr'><strong>c)</strong></span> <span class='ocrx_word' id='word_1_153' title='bbox 1045 1804 1106 1842; x_wconf 91' lang='lat' dir='ltr'><strong>B.:</strong></span> <span class='ocrx_word' id='word_1_154' title='bbox 1131 1806 1287 1851; x_wconf 86' lang='lat' dir='ltr'><strong>eligeret.</strong></span> 
     </span>
    </p>

    <p class='ocr_par' dir='ltr' id='par_1_10' title="bbox 935 1853 1700 1936">
     <span class='ocr_line' id='line_1_34' title="bbox 982 1853 1700 1935; baseline 0.003 -47"><span class='ocrx_word' id='word_1_155' title='bbox 982 1854 1019 1900; x_wconf 91' lang='lat' dir='ltr'><strong>d)</strong></span> <span class='ocrx_word' id='word_1_156' title='bbox 1045 1853 1150 1935; x_wconf 52' lang='lat' dir='ltr'><strong>Diessse</strong></span> <span class='ocrx_word' id='word_1_157' title='bbox 1186 1853 1332 1888; x_wconf 90' lang='lat' dir='ltr'><strong>Leseart</strong></span> <span class='ocrx_word' id='word_1_158' title='bbox 1367 1853 1499 1889; x_wconf 88' lang='lat' dir='ltr'><strong>sowohl</strong></span> <span class='ocrx_word' id='word_1_159' title='bbox 1538 1853 1592 1889; x_wconf 86' lang='lat' dir='ltr'><strong>bei</strong></span> <span class='ocrx_word' id='word_1_160' title='bbox 1615 1853 1700 1890; x_wconf 91' lang='lat' dir='ltr'><strong>MD.</strong></span> 
     </span>
     <span class='ocr_line' id='line_1_35' title="bbox 935 1900 1137 1936; baseline 0 0"><span class='ocrx_word' id='word_1_161' title='bbox 935 1901 989 1936; x_wconf 86' lang='lat' dir='ltr'><strong>als</strong></span> <span class='ocrx_word' id='word_1_162' title='bbox 1013 1900 1070 1936; x_wconf 90' lang='lat' dir='ltr'><strong>bei</strong></span> <span class='ocrx_word' id='word_1_163' title='bbox 1129 1928 1137 1936; x_wconf 91' lang='lat'><strong>.</strong></span> 
     </span>
    </p>

    <p class='ocr_par' dir='ltr' id='par_1_11' title="bbox 986 1947 1618 1994">
     <span class='ocr_line' id='line_1_36' title="bbox 986 1947 1618 1994; baseline 0 -10"><span class='ocrx_word' id='word_1_164' title='bbox 986 1949 1019 1994; x_wconf 89' lang='lat' dir='ltr'><strong>e)</strong></span> <span class='ocrx_word' id='word_1_165' title='bbox 1044 1947 1090 1983; x_wconf 90' lang='lat' dir='ltr'><strong>So</strong></span> <span class='ocrx_word' id='word_1_166' title='bbox 1114 1947 1174 1991; x_wconf 91' lang='lat' dir='ltr'><strong>B.;</strong></span> <span class='ocrx_word' id='word_1_167' title='bbox 1198 1959 1317 1983; x_wconf 90' lang='lat' dir='ltr'><strong>omnes</strong></span> <span class='ocrx_word' id='word_1_168' title='bbox 1341 1948 1432 1983; x_wconf 88' lang='lat' dir='ltr'><strong>fehlt</strong></span> <span class='ocrx_word' id='word_1_169' title='bbox 1454 1948 1511 1983; x_wconf 93' lang='lat' dir='ltr'><strong>bei</strong></span> <span class='ocrx_word' id='word_1_170' title='bbox 1535 1947 1618 1984; x_wconf 86' lang='lat' dir='ltr'><strong>MD.</strong></span> 
     </span>
    </p>

    <p class='ocr_par' dir='ltr' id='par_1_12' title="bbox 899 1995 1704 2657">
     <span class='ocr_line' id='line_1_37' title="bbox 984 1995 1703 2041; baseline 0 -11"><span class='ocrx_word' id='word_1_171' title='bbox 984 1996 1017 2041; x_wconf 92' lang='grc'><strong>*)</strong></span> <span class='ocrx_word' id='word_1_172' title='bbox 1042 1995 1231 2030; x_wconf 87' lang='lat' dir='ltr'><strong>Tractatus</strong></span> <span class='ocrx_word' id='word_1_173' title='bbox 1245 1995 1288 2030; x_wconf 90' lang='lat' dir='ltr'><strong>de</strong></span> <span class='ocrx_word' id='word_1_174' title='bbox 1298 1995 1506 2031; x_wconf 79' lang='lat' dir='ltr'><strong>schismate:</strong></span> <span class='ocrx_word' id='word_1_175' title='bbox 1519 1995 1703 2031; x_wconf 85' lang='lat' dir='ltr'><strong>Renovata</strong></span> 
     </span>
     <span class='ocr_line' id='line_1_38' title="bbox 935 2042 1703 2079; baseline 0 -1"><span class='ocrx_word' id='word_1_176' title='bbox 935 2044 1029 2079; x_wconf 81' lang='lat' dir='ltr'><strong>inter</strong></span> <span class='ocrx_word' id='word_1_177' title='bbox 1052 2053 1090 2078; x_wconf 87' lang='lat' dir='ltr'><strong>se</strong></span> <span class='ocrx_word' id='word_1_178' title='bbox 1113 2042 1352 2078; x_wconf 84' lang='lat' dir='ltr'><strong>coniuratione</strong></span> <span class='ocrx_word' id='word_1_179' title='bbox 1369 2054 1448 2078; x_wconf 90' lang='lat' dir='ltr'><strong>cum</strong></span> <span class='ocrx_word' id='word_1_180' title='bbox 1466 2042 1703 2078; x_wconf 81' lang='lat' dir='ltr'><strong>Mediolanen-</strong></span> 
     </span>
     <span class='ocr_line' id='line_1_39' title="bbox 932 2089 1702 2126; baseline -0.001 0"><span class='ocrx_word' id='word_1_181' title='bbox 932 2091 1031 2126; x_wconf 90' lang='lat' dir='ltr'><strong>sibus</strong></span> <span class='ocrx_word' id='word_1_182' title='bbox 1055 2091 1093 2125; x_wconf 91' lang='lat' dir='ltr'><strong>et</strong></span> <span class='ocrx_word' id='word_1_183' title='bbox 1108 2089 1225 2125; x_wconf 86' lang='lat' dir='ltr'><strong>Siculo</strong></span> <span class='ocrx_word' id='word_1_184' title='bbox 1249 2091 1314 2125; x_wconf 93' lang='lat' dir='ltr'><strong>sub</strong></span> <span class='ocrx_word' id='word_1_185' title='bbox 1335 2089 1564 2126; x_wconf 85' lang='lat' dir='ltr'><strong>iureiurando</strong></span> <span class='ocrx_word' id='word_1_186' title='bbox 1580 2090 1702 2125; x_wconf 83' lang='lat' dir='ltr'><strong>foedus</strong></span> 
     </span>
     <span class='ocr_line' id='line_1_40' title="bbox 932 2137 1704 2184; baseline -0.003 -10"><span class='ocrx_word' id='word_1_187' title='bbox 932 2137 1138 2184; x_wconf 85' lang='lat' dir='ltr'><strong>composuit,</strong></span> <span class='ocrx_word' id='word_1_188' title='bbox 1175 2139 1219 2172; x_wconf 90' lang='lat' dir='ltr'><strong>ut</strong></span> <span class='ocrx_word' id='word_1_189' title='bbox 1243 2137 1357 2173; x_wconf 80' lang='lat' dir='ltr'><strong>altera</strong></span> <span class='ocrx_word' id='word_1_190' title='bbox 1380 2148 1463 2184; x_wconf 87' lang='lat' dir='ltr'><strong>pars</strong></span> <span class='ocrx_word' id='word_1_191' title='bbox 1489 2137 1564 2172; x_wconf 89' lang='lat' dir='ltr'><strong>sine</strong></span> <span class='ocrx_word' id='word_1_192' title='bbox 1590 2137 1704 2172; x_wconf 84' lang='lat' dir='ltr'><strong>altera</strong></span> 
     </span>
     <span class='ocr_line' id='line_1_41' title="bbox 933 2184 1699 2239; baseline 0 -19"><span class='ocrx_word' id='word_1_193' title='bbox 933 2196 1012 2221; x_wconf 91' lang='lat' dir='ltr'><strong>cum</strong></span> <span class='ocrx_word' id='word_1_194' title='bbox 1035 2184 1182 2239; x_wconf 86' lang='lat' dir='ltr'><strong>imperio</strong></span> <span class='ocrx_word' id='word_1_195' title='bbox 1206 2196 1281 2220; x_wconf 88' lang='lat' dir='ltr'><strong>nun</strong></span> <span class='ocrx_word' id='word_1_196' title='bbox 1306 2196 1388 2220; x_wconf 86' lang='lat' dir='ltr'><strong>uam</strong></span> <span class='ocrx_word' id='word_1_197' title='bbox 1411 2196 1533 2231; x_wconf 87' lang='lat' dir='ltr'><strong>pacem</strong></span> <span class='ocrx_word' id='word_1_198' title='bbox 1543 2186 1699 2228; x_wconf 76' lang='lat' dir='ltr'><strong>teneret;</strong></span> 
     </span>
     <span class='ocr_line' id='line_1_42' title="bbox 933 2231 1703 2279; baseline -0.001 -11"><span class='ocrx_word' id='word_1_199' title='bbox 933 2232 1038 2279; x_wconf 87' lang='lat' dir='ltr'><strong>quod,</strong></span> <span class='ocrx_word' id='word_1_200' title='bbox 1067 2243 1099 2268; x_wconf 77' lang='lat' dir='ltr'><strong>sl</strong></span> <span class='ocrx_word' id='word_1_201' title='bbox 1122 2231 1265 2267; x_wconf 85' lang='lat' dir='ltr'><strong>interim</strong></span> <span class='ocrx_word' id='word_1_202' title='bbox 1323 2231 1486 2267; x_wconf 90' lang='lat' dir='ltr'><strong>drianum</strong></span> <span class='ocrx_word' id='word_1_203' title='bbox 1510 2231 1599 2267; x_wconf 87' lang='lat' dir='ltr'><strong>mori</strong></span> <span class='ocrx_word' id='word_1_204' title='bbox 1624 2243 1703 2267; x_wconf 90' lang='lat' dir='ltr'><strong>con-</strong></span> 
     </span>
     <span class='ocr_line' id='line_1_43' title="bbox 899 2278 1701 2325; baseline -0.001 -10"><span class='ocrx_word' id='word_1_205' title='bbox 899 2289 902 2303; x_wconf 73' lang='lat'>1</span> <span class='ocrx_word' id='word_1_206' title='bbox 933 2280 1100 2325; x_wconf 72' lang='lat' dir='ltr'><strong>tingeret,</strong></span> <span class='ocrx_word' id='word_1_207' title='bbox 1117 2280 1214 2315; x_wconf 86' lang='lat' dir='ltr'><strong>secta</strong></span> <span class='ocrx_word' id='word_1_208' title='bbox 1229 2279 1294 2315; x_wconf 87' lang='lat' dir='ltr'><strong>illa</strong></span> <span class='ocrx_word' id='word_1_209' title='bbox 1309 2279 1510 2315; x_wconf 87' lang='lat' dir='ltr'><strong>cancellarii</strong></span> <span class='ocrx_word' id='word_1_210' title='bbox 1526 2290 1567 2314; x_wconf 84' lang='lat' dir='ltr'><strong>ex</strong></span> <span class='ocrx_word' id='word_1_211' title='bbox 1582 2278 1701 2314; x_wconf 86' lang='lat' dir='ltr'><strong>debito</strong></span> 
     </span>
     <span class='ocr_line' id='line_1_44' title="bbox 933 2326 1704 2373; baseline -0.001 -11"><span class='ocrx_word' id='word_1_212' title='bbox 933 2326 1123 2363; x_wconf 86' lang='lat' dir='ltr'><strong>iuramenti</strong></span> <span class='ocrx_word' id='word_1_213' title='bbox 1147 2338 1256 2362; x_wconf 88' lang='lat' dir='ltr'><strong>unum</strong></span> <span class='ocrx_word' id='word_1_214' title='bbox 1281 2338 1323 2362; x_wconf 84' lang='lat' dir='ltr'><strong>ex</strong></span> <span class='ocrx_word' id='word_1_215' title='bbox 1347 2326 1405 2362; x_wconf 92' lang='lat' dir='ltr'><strong>his</strong></span> <span class='ocrx_word' id='word_1_216' title='bbox 1429 2326 1467 2362; x_wconf 90' lang='lat' dir='ltr'><strong>in</strong></span> <span class='ocrx_word' id='word_1_217' title='bbox 1489 2337 1618 2373; x_wconf 88' lang='lat' dir='ltr'><strong>papam</strong></span> <span class='ocrx_word' id='word_1_218' title='bbox 1642 2326 1704 2361; x_wconf 88' lang='lat' dir='ltr'><strong>eli-</strong></span> 
     </span>
     <span class='ocr_line' id='line_1_45' title="bbox 932 2373 1704 2421; baseline -0.003 -11"><span class='ocrx_word' id='word_1_219' title='bbox 932 2376 1044 2420; x_wconf 80' lang='lat' dir='ltr'><strong>geret,</strong></span> <span class='ocrx_word' id='word_1_220' title='bbox 1078 2373 1140 2421; x_wconf 88' lang='lat' dir='ltr'><strong>qui</strong></span> <span class='ocrx_word' id='word_1_221' title='bbox 1169 2374 1242 2409; x_wconf 88' lang='lat' dir='ltr'><strong>iam</strong></span> <span class='ocrx_word' id='word_1_222' title='bbox 1275 2373 1370 2409; x_wconf 83' lang='lat' dir='ltr'><strong>dicto</strong></span> <span class='ocrx_word' id='word_1_223' title='bbox 1402 2374 1600 2409; x_wconf 80' lang='lat' dir='ltr'><strong>iuramento</strong></span> <span class='ocrx_word' id='word_1_224' title='bbox 1631 2373 1704 2408; x_wconf 87' lang='lat' dir='ltr'><strong>Me-</strong></span> 
     </span>
     <span class='ocr_line' id='line_1_46' title="bbox 935 2421 1704 2464; baseline -0.003 -7"><span class='ocrx_word' id='word_1_225' title='bbox 935 2421 1198 2457; x_wconf 87' lang='lat' dir='ltr'><strong>diolanensibus</strong></span> <span class='ocrx_word' id='word_1_226' title='bbox 1223 2423 1260 2457; x_wconf 88' lang='lat' dir='ltr'><strong>et</strong></span> <span class='ocrx_word' id='word_1_227' title='bbox 1276 2421 1393 2456; x_wconf 89' lang='lat' dir='ltr'><strong>Siculo</strong></span> <span class='ocrx_word' id='word_1_228' title='bbox 1418 2421 1642 2464; x_wconf 74' lang='lat' dir='ltr'><strong>tenebantur,</strong></span> <span class='ocrx_word' id='word_1_229' title='bbox 1667 2422 1704 2455; x_wconf 92' lang='lat' dir='ltr'><strong>et</strong></span> 
     </span>
     <span class='ocr_line' id='line_1_47' title="bbox 934 2467 1702 2505; baseline 0 -1"><span class='ocrx_word' id='word_1_230' title='bbox 934 2469 1067 2505; x_wconf 86' lang='lat' dir='ltr'><strong>electus</strong></span> <span class='ocrx_word' id='word_1_231' title='bbox 1114 2468 1236 2504; x_wconf 91' lang='lat' dir='ltr'><strong>eodem</strong></span> <span class='ocrx_word' id='word_1_232' title='bbox 1274 2467 1471 2504; x_wconf 85' lang='lat' dir='ltr'><strong>iuramento</strong></span> <span class='ocrx_word' id='word_1_233' title='bbox 1512 2469 1702 2504; x_wconf 71' lang='lat' dir='ltr'><strong>teneretur.</strong></span> 
     </span>
     <span class='ocr_line' id='line_1_48' title="bbox 933 2514 1703 2562; baseline -0.001 -11"><span class='ocrx_word' id='word_1_234' title='bbox 933 2516 1033 2551; x_wconf 88' lang='lat' dir='ltr'><strong>Haec</strong></span> <span class='ocrx_word' id='word_1_235' title='bbox 1068 2515 1263 2551; x_wconf 83' lang='lat' dir='ltr'><strong>coniuratio</strong></span> <span class='ocrx_word' id='word_1_236' title='bbox 1301 2516 1345 2551; x_wconf 89' lang='lat' dir='ltr'><strong>ab</strong></span> <span class='ocrx_word' id='word_1_237' title='bbox 1382 2515 1470 2562; x_wconf 89' lang='lat' dir='ltr'><strong>ipsis</strong></span> <span class='ocrx_word' id='word_1_238' title='bbox 1494 2514 1703 2550; x_wconf 87' lang='lat' dir='ltr'><strong>Mediolanis</strong></span> 
     </span>
     <span class='ocr_line' id='line_1_49' title="bbox 934 2562 1704 2610; baseline -0.003 -12"><span class='ocrx_word' id='word_1_239' title='bbox 934 2566 972 2599; x_wconf 90' lang='lat' dir='ltr'><strong>et</strong></span> <span class='ocrx_word' id='word_1_240' title='bbox 996 2575 1018 2598; x_wconf 89' lang='lat' dir='ltr'><strong>a</strong></span> <span class='ocrx_word' id='word_1_241' title='bbox 1042 2562 1254 2610; x_wconf 86' lang='lat' dir='ltr'><strong>quibusdam</strong></span> <span class='ocrx_word' id='word_1_242' title='bbox 1290 2563 1402 2609; x_wconf 87' lang='lat' dir='ltr'><strong>ipsius</strong></span> <span class='ocrx_word' id='word_1_243' title='bbox 1438 2562 1578 2598; x_wconf 85' lang='lat' dir='ltr'><strong>sceleris</strong></span> <span class='ocrx_word' id='word_1_244' title='bbox 1611 2562 1704 2597; x_wconf 82' lang='lat' dir='ltr'><strong>iura-</strong></span> 
     </span>
     <span class='ocr_line' id='line_1_50' title="bbox 935 2609 1704 2657; baseline -0.003 -11"><span class='ocrx_word' id='word_1_245' title='bbox 935 2610 1074 2646; x_wconf 82' lang='lat' dir='ltr'><strong>toribus</strong></span> <span class='ocrx_word' id='word_1_246' title='bbox 1099 2610 1315 2657; x_wconf 88' lang='lat' dir='ltr'><strong>deprehensa</strong></span> <span class='ocrx_word' id='word_1_247' title='bbox 1343 2611 1380 2645; x_wconf 89' lang='lat' dir='ltr'><strong>et</strong></span> <span class='ocrx_word' id='word_1_248' title='bbox 1402 2609 1588 2644; x_wconf 81' lang='lat' dir='ltr'><strong>manifeste</strong></span> <span class='ocrx_word' id='word_1_249' title='bbox 1613 2620 1704 2644; x_wconf 88' lang='lat' dir='ltr'><strong>com-</strong></span> 
     </span>
    </p>

    <p class='ocr_par' dir='ltr' id='par_1_13' title="bbox 977 2655 1703 2703">
     <span class='ocr_line' id='line_1_51' title="bbox 977 2655 1703 2703; baseline -0.003 -10"><span class='ocrx_word' id='word_1_250' title='bbox 977 2660 1048 2694; x_wconf 85' lang='lat' dir='ltr'><strong>rta.</strong></span> <span class='ocrx_word' id='word_1_251' title='bbox 1094 2657 1175 2703; x_wconf 86' lang='lat' dir='ltr'><strong>Vgl.</strong></span> <span class='ocrx_word' id='word_1_252' title='bbox 1212 2657 1276 2692; x_wconf 88' lang='lat' dir='ltr'><strong>das</strong></span> <span class='ocrx_word' id='word_1_253' title='bbox 1301 2657 1336 2692; x_wconf 83' lang='lat' dir='ltr'><strong>S.</strong></span> <span class='ocrx_word' id='word_1_254' title='bbox 1364 2660 1430 2693; x_wconf 81' lang='lat'><strong>153</strong></span> <span class='ocrx_word' id='word_1_255' title='bbox 1455 2656 1492 2692; x_wconf 83' lang='lat' dir='ltr'><strong>ff.</strong></span> <span class='ocrx_word' id='word_1_256' title='bbox 1527 2657 1614 2692; x_wconf 73' lang='lat' dir='ltr'><strong>iiber</strong></span> <span class='ocrx_word' id='word_1_257' title='bbox 1646 2655 1703 2691; x_wconf 88' lang='lat' dir='ltr'><strong>die</strong></span> 
     </span>
    </p>

    <p class='ocr_par' dir='ltr' id='par_1_14' title="bbox 933 2703 1704 2930">
     <span class='ocr_line' id='line_1_52' title="bbox 967 2703 1704 2749; baseline -0.003 -9"><span class='ocrx_word' id='word_1_258' title='bbox 967 2705 1214 2749; x_wconf 75' lang='lat' dir='ltr'><strong>erschworung</strong></span> <span class='ocrx_word' id='word_1_259' title='bbox 1231 2715 1296 2739; x_wconf 87' lang='lat' dir='ltr'><strong>von</strong></span> <span class='ocrx_word' id='word_1_260' title='bbox 1313 2703 1454 2749; x_wconf 86' lang='lat' dir='ltr'><strong>Anagni</strong></span> <span class='ocrx_word' id='word_1_261' title='bbox 1475 2703 1704 2748; x_wconf 84' lang='lat' dir='ltr'><strong>gesammelte</strong></span> 
     </span>
     <span class='ocr_line' id='line_1_53' title="bbox 936 2749 1703 2796; baseline -0.003 -9"><span class='ocrx_word' id='word_1_262' title='bbox 936 2751 1258 2796; x_wconf 73' lang='lat' dir='ltr'><strong>Quellenmaterial,</strong></span> <span class='ocrx_word' id='word_1_263' title='bbox 1283 2750 1498 2787; x_wconf 88' lang='lat' dir='ltr'><strong>namentlich</strong></span> <span class='ocrx_word' id='word_1_264' title='bbox 1524 2750 1580 2785; x_wconf 90' lang='lat' dir='ltr'><strong>die</strong></span> <span class='ocrx_word' id='word_1_265' title='bbox 1594 2749 1703 2785; x_wconf 86' lang='lat' dir='ltr'><strong>Stelle</strong></span> 
     </span>
     <span class='ocr_line' id='line_1_54' title="bbox 934 2797 1704 2841; baseline -0.004 -6"><span class='ocrx_word' id='word_1_266' title='bbox 934 2800 988 2835; x_wconf 77' lang='lat' dir='ltr'><strong>im·</strong></span> <span class='ocrx_word' id='word_1_267' title='bbox 1008 2799 1153 2834; x_wconf 82' lang='lat' dir='ltr'><strong>zweiten</strong></span> <span class='ocrx_word' id='word_1_268' title='bbox 1177 2798 1367 2834; x_wconf 84' lang='lat' dir='ltr'><strong>Schreiben</strong></span> <span class='ocrx_word' id='word_1_269' title='bbox 1390 2798 1535 2833; x_wconf 67' lang='lat' dir='ltr'><strong>Viktors</strong></span> <span class='ocrx_word' id='word_1_270' title='bbox 1550 2797 1602 2832; x_wconf 85' lang='lat' dir='ltr'><strong>IV</strong></span> <span class='ocrx_word' id='word_1_271' title='bbox 1604 2825 1625 2841; x_wconf 92' lang='lat'><strong>.,</strong></span> <span class='ocrx_word' id='word_1_272' title='bbox 1650 2808 1704 2832; x_wconf 90' lang='lat' dir='ltr'><strong>so-</strong></span> 
     </span>
     <span class='ocr_line' id='line_1_55' title="bbox 934 2844 1702 2892; baseline -0.004 -9"><span class='ocrx_word' id='word_1_273' title='bbox 934 2848 1000 2883; x_wconf 82' lang='lat' dir='ltr'><strong>wie</strong></span> <span class='ocrx_word' id='word_1_274' title='bbox 1018 2846 1075 2882; x_wconf 86' lang='lat' dir='ltr'><strong>die</strong></span> <span class='ocrx_word' id='word_1_275' title='bbox 1091 2846 1370 2892; x_wconf 80' lang='lat' dir='ltr'><strong>diesbeziigliche</strong></span> <span class='ocrx_word' id='word_1_276' title='bbox 1383 2845 1492 2881; x_wconf 84' lang='lat' dir='ltr'><strong>Stelle</strong></span> <span class='ocrx_word' id='word_1_277' title='bbox 1503 2844 1552 2880; x_wconf 92' lang='lat' dir='ltr'><strong>im</strong></span> <span class='ocrx_word' id='word_1_278' title='bbox 1567 2844 1702 2880; x_wconf 85' lang='lat' dir='ltr'><strong>Schrei-</strong></span> 
     </span>
     <span class='ocr_line' id='line_1_56' title="bbox 933 2892 1624 2930; baseline -0.004 0"><span class='ocrx_word' id='word_1_279' title='bbox 933 2895 1003 2930; x_wconf 86' lang='lat' dir='ltr'><strong>ben</strong></span> <span class='ocrx_word' id='word_1_280' title='bbox 1027 2894 1090 2929; x_wconf 91' lang='lat' dir='ltr'><strong>der</strong></span> <span class='ocrx_word' id='word_1_281' title='bbox 1113 2893 1387 2929; x_wconf 85' lang='lat' dir='ltr'><strong>viktorinischen</strong></span> <span class='ocrx_word' id='word_1_282' title='bbox 1411 2892 1624 2928; x_wconf 65' lang='lat' dir='ltr'><strong>Kardinale!</strong></span> 
     </span>
    </p>
   </div>
  </div>
 </body>
</html>
