2098 3432
497 337 581 377 234

497 445 678 480 honorifice
704 446 842 479 deducti
866 446 902 479 in
926 445 1101 479 civitatem
1126 445 1353 489 Anagninam.
1401 445 1441 478 In
1474 445 1661 478 erastinum
1686 455 1761 478 vero
1786 455 1863 479 eum
1885 445 2042 490 pontifex
2075 432 2078 435 ¹

497 494 531 526 in
557 492 768 531 consistorio,
794 491 954 525 adstante
979 491 1175 525 elericorum
1199 493 1235 525 et
1259 491 1422 525 nobilium
1453 490 1684 531 multitudine,
1718 491 1894 533 resideret,
1927 500 2036 527 ames-
2070 497 2080 513 ³

497 540 616 571 serunt
649 538 692 571 ad
725 538 886 571 maiorem
919 537 1096 571 eeclesiam
1127 548 1202 571 eum
1236 537 1358 571 deeora
1382 537 1545 570 societate
1571 547 1634 570 sua
1658 538 1693 570 et
1717 537 1836 570 exinde
1861 537 2036 573 intrarunt
2082 563 2087 574 2

497 585 532 618 in
557 586 773 627 conspectum
797 583 980 627 pontificis.
1030 583 1169 616 Stantes
1195 585 1309 616 autem
1335 583 1369 616 in
1395 583 1505 616 medio
1531 593 1644 615 eoram
1669 582 1741 626 ipso
1766 584 1803 616 et
1826 593 1903 616 cum
1925 583 2036 618 multa
2083 583 2098 618 ’,ἱ

498 630 686 663 reverentia
710 630 904 673 loquentes,
939 629 1113 662 dixerunt:
1154 629 1342 670 „Dominus
1376 631 1491 662 noster
1516 628 1699 672 imperator
1723 628 1890 662 desiderio
1913 632 2035 673 magno

498 676 695 709 desiderans
729 675 902 708 Romanae
935 675 1096 708 eeclesiae
1130 686 1170 708 ao
1203 675 1297 708 vobis
1326 686 1443 719 pacem
1478 685 1590 708 veram
1622 674 1722 715 dare,
1755 674 1853 708 misit
1874 685 1936 708 nos
1959 685 2035 710 (mm
2090 668 2098 702 s

500 721 710 764 plenitudine
735 721 918 765 potestatis
944 721 988 754 ad
1012 721 1240 764 praesentiam
1263 723 1422 761 vestram,
1448 720 1618 754 instanter
1633 720 1821 764 postulans,
1846 721 1887 754 ut
1897 721 2036 756 verbum
2092 727 2098 762 ζ

496 768 582 801 illud
608 767 806 801 eoncordiae
831 778 870 800 110
894 767 1000 809 pacis,
1033 767 1124 811 quod
1149 767 1185 800 in
1209 767 1394 811 praeterito
1418 777 1506 799 anno
1529 766 1652 799 fratres
1677 766 1782 800 vestri
1805 777 1920 800 seeum
1943 776 2037 811 prae-

497 813 690 847 sentialiter
734 814 971 847 tractaverunt
1009 814 1045 846 et
1082 824 1187 857 usque
1223 813 1322 846 modo
1358 812 1507 857 peccatis
1548 811 1763 854 exigentibus
1801 811 2036 856 imperfectum
2089 833 2092 836 ⁴

497 859 682 901 remansit,
707 871 797 892 nune
821 870 880 903 per
905 870 966 892 uos
991 860 1027 892 et
1052 870 1226 892 assensum
1253 860 1414 898 vestrum,
1440 859 1606 902 quantum
1631 857 1667 891 in
1690 868 1728 891 οο
1752 857 1871 900 fuerit,
1903 859 2037 893 auctore
2087 858 2090 859 ⁷

498 906 643 939 Domino
668 905 887 950 compleatur.
936 904 1064 938 Notum
1083 906 1136 938 est
1152 905 1241 938 enim
1258 906 1294 938 et
1310 904 1555 946 indubitatum,
1579 903 1670 948 quod
1695 903 1737 937 ab
1754 903 1853 937 initio
1866 903 2038 939 nascentis
2087 915 2094 935 1

497 951 658 985 ecelesiae
695 951 910 996 omnipotens
945 951 1038 984 Deus
1076 951 1110 984 in
1147 952 1227 984 orbe
1268 951 1334 984 duo
1370 961 1443 983 esse
1482 949 1600 991 voluit,
1641 949 1765 994 quibus
1802 949 2037 994 principaliter
2095 980 2098 982 .

497 998 645 1031 mundus
670 998 726 1031 hic
751 998 936 1038 regeretur,
962 997 1184 1030 sacerdotalis
1210 997 1362 1039 dignitas
1387 998 1422 1030 et
1446 995 1571 1039 regalis
1595 996 1759 1038 potestas,
1793 1005 1880 1040 quae
1902 995 1969 1030 nisi
1993 996 2037 1030 ad

497 1044 639 1077 invicem
673 1043 853 1077 eoncordia
885 1043 1105 1084 fulcirentur,
1140 1054 1203 1087 pax
1238 1043 1362 1086 ubique
1395 1042 1592 1075 nullatenus
1617 1042 1808 1075 servaretur
1831 1042 1868 1075 et
1889 1041 2037 1076 mundus
2088 1040 2098 1046 “

497 1090 734 1124 controversiis
767 1092 803 1123 et
836 1089 1003 1122 bellorum
1035 1089 1180 1133 strepitu
1213 1089 1414 1122 abundaret.
1463 1087 1581 1122 Cesset
1611 1087 1718 1130 igitur
1747 1087 1817 1121 iam
1850 1098 1941 1121 nune
1966 1087 2038 1122 ista
2094 1090 2098 1110 ἶ

498 1136 615 1169 odiosa
639 1135 791 1169 turbatio
823 1137 859 1169 et
893 1146 950 1178 per
979 1146 1037 1168 vos
1063 1135 1146 1168 duos
1171 1135 1339 1179 principes
1364 1134 1455 1168 orbis
1481 1145 1543 1178 pax
1571 1133 1766 1167 desiderata
1789 1133 1940 1167 eeclesiis
1963 1133 2038 1168 uni-
2092 1139 2098 1178 j

499 1182 603 1216 versis
629 1184 664 1215 et
688 1182 811 1226 populo
836 1181 1024 1214 christiano
1049 1181 1247 1214 reddatur“.
1297 1181 1363 1214 His
1386 1181 1493 1223 igitur
1517 1179 1651 1224 publice
1676 1179 1847 1222 allegatis,
1870 1179 2039 1223 benignus

501 1227 651 1272 pontifex
683 1227 783 1261 hilari
819 1229 855 1261 et
886 1227 1021 1272 placido
1054 1227 1151 1260 vultu
1186 1227 1393 1271 respondens
1426 1226 1492 1260 ait:
1542 1226 1615 1267 „De
1650 1225 1797 1259 adventu
1828 1226 1939 1260 vestro
1961 1235 2038 1260 eum

500 1274 658 1308 iucundis
705 1274 896 1307 rumoribus
931 1273 1030 1306 valde
1069 1273 1258 1315 gaudemus
1299 1274 1335 1306 et
1374 1272 1494 1306 exinde
1535 1271 1758 1316 omnipotenti
1797 1271 1870 1305 Deo
1908 1270 2039 1315 gratias

499 1321 643 1363 agimus.
686 1320 762 1353 Non
779 1321 834 1353 est
849 1319 884 1353 in
902 1319 1073 1363 praesenti
1090 1319 1224 1353 saeculo
1240 1329 1305 1360 res,
1331 1330 1418 1363 quae
1434 1318 1469 1351 in
1487 1317 1626 1351 auribus
1640 1317 1767 1351 nostris
1783 1316 1836 1350 ita
1851 1317 2036 1360 duleeseat,
2095 1322 2098 1323 ’

497 1378 599 1411 quam
625 1366 653 1399 si
682 1366 827 1399 domnus
851 1367 963 1399 vester
987 1365 1182 1410 imperator,
1217 1376 1317 1409 quem
1343 1365 1433 1398 inter
1458 1364 1542 1398 alios
1564 1363 1733 1415 principes
1758 1363 1878 1397 mundi
1901 1373 2039 1407 eognos-

498 1413 606 1446 cimus
630 1423 704 1446 0880
728 1412 901 1454 maiorem,
926 1422 1044 1456 panem
1068 1411 1166 1445 nobis
1194 1422 1306 1444 veram
1341 1411 1433 1452 dare,
1459 1410 1549 1443 sieut
1578 1409 1742 1449 assentis,
1776 1409 1868 1443 velit.
1916 1407 1983 1443 Sed
2009 1409 2038 1444 si

500 1459 573 1492 vult
600 1459 769 1501 integram
795 1469 911 1502 paeem
936 1469 1032 1491 suam
1058 1457 1156 1491 nobis
1180 1457 1331 1490 tribuere
1367 1458 1404 1490 et
1425 1456 1585 1490 ecelesiae
1608 1455 1793 1494 Romanae.
1823 1456 1967 1500 oportet,
1999 1456 2040 1489 ut

499 1516 574 1538 eam
609 1504 774 1538 universis
807 1504 1068 1537 auxiliatoribus
1100 1503 1243 1545 nostris,
1282 1503 1426 1536 maxime
1459 1502 1531 1545 regi
1557 1501 1693 1535 Siciliae
1717 1511 1757 1534 ae
1779 1500 1981 1535 Lombardis
2003 1502 2040 1535 et
2094 1496 2098 1530 j

499 1551 697 1595 imperatori
731 1550 1123 1594 Constantinopolitano,
1163 1549 1221 1594 qui
1257 1549 1355 1582 nobis
1391 1550 1510 1582 contra
1545 1559 1621 1581 eum
1654 1547 1690 1581 in
1714 1547 1875 1582 0001081110
1897 1546 2036 1581 necessi·

500 1597 632 1630 tatibus
665 1596 808 1630 firmiter
845 1596 1073 1637 adstiterunt,
1111 1595 1240 1640 pariter
1264 1595 1430 1629 tribuat“.
1479 1594 1599 1637 Legati
1626 1604 1720 1636 vero,
1755 1593 1982 1645 approbantes
2005 1594 2040 1627 et

499 1643 733 1676 collaudantes
756 1642 896 1676 verbum
919 1641 1103 1686 pontificis,
1129 1641 1303 1676 dixerunt:
1320 1641 1350 1684 *)
1390 1641 1453 1684 „In
1476 1639 1651 1674 mandatis
1675 1649 1866 1684 accepimus
1881 1649 1902 1673 a
1918 1638 2039 1674 domno

499 1755 562 1777 von
588 1744 812 1788 Magdeburg,
837 1744 975 1778 Forseh.
990 1755 1017 1778 z.
1033 1743 1066 1779 d.
1079 1743 1120 1778 G.
1145 1743 1187 1787 V,
1213 1746 1396 1778 456--458
1419 1754 1451 1778 11.
1469 1745 1671 1784 460-473;
1695 1741 1939 1786 Varrentrapp‚
1963 1739 2042 1775 Erz-

499 1790 634 1824 bisehof
656 1790 831 1824 Christian
855 1791 882 1825 I.
909 1801 972 1824 von
996 1790 1111 1824 Mainz
1136 1789 1169 1824 S.
1196 1793 1327 1824 69-71
1363 1789 1434 1823 und
1459 1790 1595 1824 78-92
1627 1787 1729 1831 (auch
1754 1787 1791 1821 in
1814 1786 1934 1831 Sybels
1957 1786 2040 1822 hist.
2095 1792 2098 1794 “

500 1836 664 1871 Zeitsehr.
703 1839 758 1878 47,
795 1839 862 1871 408
899 1837 937 1878 f.)
951 1851 958 1878 ;
995 1836 1122 1878 Waitz,
1156 1835 1252 1870 Gett.
1287 1835 1360 1871 Gel.
1393 1835 1519 1870 Naehr.
1555 1837 1655 1876 1867,
1689 1845 1740 1868 nr.
1772 1835 1805 1876 9,
1829 1832 1864 1868 S.
1889 1835 1957 1867 389
1982 1832 2017 1868 ff.
2031 1846 2040 1875 3

500 1883 604 1916 Prutz
619 1894 648 1916 a.
661 1893 690 1917 a.
702 1882 742 1917 Ο.
754 1883 798 1925 II,
808 1885 990 1917 287—297
1000 1894 1032 1916 u.
1042 1886 1109 1917 310
1123 1904 1142 1906 -
1157 1885 1243 1924 335;
1258 1882 1363 1916 Pete
1374 1892 1432 1923 rs,
1446 1879 1753 1923 Untersuehungen
1767 1889 1827 1913 zur
1839 1878 2043 1913 Gesehiehte

501 1929 559 1962 des
578 1928 740 1962 Friedens
757 1940 820 1962 von
838 1929 993 1971 Venedig
1015 1929 1184 1966 (Berliner
1202 1928 1411 1962 Preisarbeit
1436 1929 1556 1969 1879);
1580 1926 1675 1967 Will,
1689 1925 1830 1959 Kourad
1843 1936 1874 1959 v.
1887 1924 2042 1958 Wittiels-

500 1975 598 2016 baeh,
617 1974 651 2008 S.
670 1978 826 2016 35—44;
847 1975 1063 2017 Simonsfeld,
1082 1975 1165 2008 Zum
1182 1974 1326 2008 Frieden
1350 1985 1380 2008 v.
1394 1973 1560 2016 Venedig,
1577 1972 1716 2006 Forseh.
1732 1971 1809 2014 XX,
1839 1973 2034 2012 424—433;
2096 2004 2098 2006 .

500 2021 643 2054 Nitzsoh
677 2032 707 2054 a.
739 2032 769 2055 a.
801 2020 841 2055 O.
874 2021 927 2063 ΙΙ,
961 2024 1162 2061 298-301;
1195 2019 1407 2061 Lewenfeld,
1438 2019 1502 2053 Die
1527 2018 1796 2052 unmittelbaren
1819 2017 1948 2060 Folgen
1983 2016 2043 2050 des

500 2066 663 2100 Friedens
695 2078 757 2100 von
782 2067 947 2110 Venedig,
981 2067 1120 2101 Forseh.
1146 2066 1254 2108 XXV,
1280 2068 1483 2107 449-—461;
1508 2063 1802 2108 Hefele-Knopfier
1825 2074 1855 2096 a.
1881 2074 1911 2098 a.
1936 2061 1976 2098 Ο.
2000 2061 2042 2105 V,
2096 2083 2098 2085 ·

500 2116 566 2146 696
593 2116 694 2155 1698,
721 2116 922 2154 699-708ς
950 2113 1161 2154 Eiehner,
1198 2112 1359 2155 Beitrage
1384 2123 1409 2145 z-
1440 2110 1562 2146 Gesch.
1589 2110 1621 2145 d.
1647 2109 1854 2144 Venetianer
1868 2108 2044 2143 Friedens-

501 2160 699 2201 kongresses
724 2170 799 2192 vom
823 2159 929 2193 Jahre
958 2162 1044 2194 1177
1081 2159 1250 2202 (Berliner
1275 2158 1367 2191 Diss.
1400 2158 1517 2200 1886);
1551 2156 1693 2198 Kehr,
1726 2155 1787 2190 der
1807 2155 1957 2198 Vertrag
1979 2165 2044 2188 von

500 2205 657 2248 Anagni,
692 2205 735 2240 N.
761 2205 889 2239 Archiv
913 2205 1021 2247 XIII,
1053 2207 1230 2246 77-118;
1264 2203 1488 2238 Giesebreeht
1513 2214 1542 2238 11,
1571 2214 1600 2237 a.
1627 2201 1668 2237 Ο.
1691 2201 1734 2244 V,
1768 2203 1950 2236 793—806
1974 2199 2044 2237 und

616 2297 648 2339 *)
673 2297 792 2331 Peters
816 2308 846 2331 a.
874 2309 904 2331 a.
931 2296 972 2331 Ο.
997 2297 1030 2332 S.
1060 2300 1101 2331 18
1126 2297 1148 2331 f.
1183 2296 1267 2330 hebt
1299 2296 1492 2339 gegeniiber
1520 2295 1649 2328 Reuter
1683 2293 1754 2328 und
1776 2293 1881 2327 Prutz
1911 2292 2043 2334 hervor,

501 2343 565 2377 mit
590 2343 704 2377 diesen
729 2343 870 2377 Worten
904 2343 993 2377 habe
1029 2343 1090 2376 der
1123 2342 1315 2387 papstliehe
1340 2341 1515 2386 Biograph
1548 2341 1756 2384 keineswegs
1785 2349 1891 2383 sagon
1913 2338 2044 2380 wellen,

501 2389 555 2423 die
594 2389 819 2423 kaiserliehen
858 2389 1054 2424 Gesandten
1091 2389 1211 2422 hatten
1249 2388 1362 2430 gleieh
1399 2399 1462 2421 von
1497 2386 1695 2421 vornherein
1727 2384 1938 2428 vollstandig
1974 2383 2044 2418 und

502 2435 678 2478 sreudigst
698 2435 753 2469 die
778 2435 857 2469 Ideo
882 2435 974 2469 eines
1000 2434 1294 2479 Separatfriedens
1323 2434 1425 2467 fallen
1451 2434 1581 2471 lassen;
1616 2432 1707 2466 seine
1735 2431 1854 2465 Worte
1876 2430 2045 2464 bedenten

501 2493 576 2523 nur,
602 2482 637 2515 in
664 2482 751 2523 dem,
778 2492 847 2515 was
873 2481 927 2515 die
953 2480 1151 2516 Gesandten
1176 2481 1210 2514 in
1237 2480 1296 2514 der
1322 2479 1500 2523 folgenden
1526 2478 1620 2512 Rede
1645 2477 1820 2520 erwidert,
1851 2477 1974 2510 hatten
1997 2476 2046 2510 sie

501 2528 564 2561 das
588 2528 688 2561 Wort
720 2527 780 2561 des
811 2528 956 2572 Papstes
991 2527 1191 2561 anerkannt.
1239 2526 1287 2559 Er
1319 2526 1433 2560 beruft
1464 2525 1536 2559 sich
1570 2524 1669 2558 dabei
1703 2523 1764 2557 auf
1782 2523 1817 2567 je
1841 2523 1915 2557 eine
1939 2521 2047 2556 Stella

501 2574 536 2607 in
571 2574 635 2607 den
671 2573 805 2607 Briefen
837 2573 1049 2607 Alexanders
1082 2584 1124 2606 an
1160 2573 1214 2606 die
1245 2572 1433 2606 Kardinale
1457 2570 1674 2605 Hildebrand
1710 2569 1780 2603 und
1804 2567 1943 2603 Ardieio
1974 2566 2044 2602 und

501 2631 544 2653 an
571 2620 626 2653 dio
651 2619 822 2653 Rektoren
848 2620 908 2653 der
932 2619 1098 2654 Marehia.
1146 2619 1235 2652 Dort
1259 2618 1411 2652 schreibt
1434 2617 1494 2651 der
1511 2617 1637 2662 Papst:
1675 2615 1763 2659 „Qui
1787 2614 1943 2659 (legatil)
1967 2624 2045 2648 011111

501 2666 716 2699 vehementer
747 2665 838 2710 apud
867 2676 928 2700 nos
962 2665 1190 2706 institissent,
1225 2666 1264 2698 ut
1294 2664 1337 2698 ad
1369 2675 1485 2708 pacem
1516 2663 1606 2696 inter
1636 2661 1813 2697 ecelesiam
1845 2662 1882 2695 et
1903 2660 2047 2705 impera-

501 2714 608 2746 torem
636 2712 871 2756 complendam
896 2711 1161 2754 intenderemus,
1187 2723 1248 2745 nee
1273 2712 1414 2755 possent
1437 2709 1600 2751 obtinere,
1633 2708 1724 2753 quod
1749 2707 1822 2741 sine
1845 2705 2045 2740 Lombardis

502 2760 563 2792 aut
597 2758 670 2792 sine
700 2758 791 2800 regis
823 2758 959 2791 Siciliae
993 2758 1046 2791 vel
1080 2756 1452 2800 Constantinopolitani
1476 2755 1692 2800 imperatoris
1724 2753 1895 2798 [assensu]
1953 2761 2046 2786 aoem

502 2804 545 2838 ad
566 2805 703 2849 plenum
723 2815 762 2838 ae
778 2804 925 2838 solidum
942 2805 1204 2838 statueremus“.
1245 2803 1347 2836 Hier:
1375 2802 1582 2846 „Nunquam
1597 2811 1659 2835 nos
1675 2800 1862 2845 potuerunt
1875 2798 1912 2832 in
1937 2807 2045 2840 noete,

501 2854 540 2884 ut
566 2861 682 2895 paoem
706 2850 869 2884 eeclesiae
895 2850 968 2884 sine
993 2851 1107 2884 vestra
1130 2851 1166 2884 et
1190 2849 1282 2893 regis
1307 2848 1444 2882 Siciliae
1460 2850 1496 2882 et
1513 2847 1657 2882 aliorum
1673 2845 1869 2881 adiuturum
1884 2843 2045 2879 eeclesiae

501 2897 663 2931 vellemus
686 2896 872 2942 reoipere“.
