2098 3432
466 297 520 338 38

465 406 705 447 faverunt
734 405 907 458 tibi*);
944 417 1080 446 nunc
1115 417 1232 446 vero
1271 404 1406 445 sicut
1442 416 1621 446 manus
1661 406 1778 445 tuae
1815 406 1996 447 contra

467 475 653 511 omnes,
683 462 755 503 sic
783 474 964 503 manus
995 461 1219 502 omnium
1249 462 1429 501 contra
1457 461 1517 501 te.
1562 461 1740 502 Mundus
1771 462 1833 502 est
1861 472 1997 502 asan-

468 518 587 570 guine
603 519 672 558 tuo
682 518 859 558 mundus
871 517 1012 566 omnis,
1027 518 1187 570 praeter
1201 519 1242 557 te
1258 517 1387 557 solam
1403 517 1443 557 et
1458 516 1559 557 filios
1576 518 1679 565 tuos,
1697 516 1766 569 qui
1780 516 1823 557 in
1837 517 1879 557 te
1890 518 1997 558 sunt.

467 574 551 614 Vae
577 586 670 626 ergo
694 586 803 614 nunc
825 573 908 623 tibi,
925 574 1071 626 popule
1095 572 1334 621 miserande,
1352 573 1393 613 et
1415 584 1488 613 vae
1505 572 1626 626 duplo
1648 584 1773 625 quam
1789 573 1893 622 ante,
1915 585 1997 614 11011

467 630 517 670 ab
533 630 677 670 exteris
693 629 935 678 nationibus,
947 641 1029 669 non
1046 641 1069 670 a
1086 628 1245 669 feritate
1255 629 1528 678 barbarorum,
1543 640 1658 669 nona
1671 628 1850 669 millibus
1867 640 1998 670 armar-

468 688 613 726 torum.
643 685 727 726 Vae
748 687 911 726 tantum
932 697 955 725 a
974 684 1074 725 facie
1095 686 1259 726 tuorum
1283 683 1374 731 tibi;
1404 696 1478 725 vae
1498 695 1522 724 a
1541 683 1771 725 domesticis
1787 685 1828 725 et
1847 684 1998 734 amicis,

469 754 492 782 a
514 741 624 782 clade
645 741 849 790 intestina,
871 753 894 781 a
913 741 1094 781 cruciatu
1112 740 1447 794 praecordiorum,
1465 752 1489 780 a
1511 740 1754 781 tortionibus
1774 740 1997 782 viscerum!

579 797 825 850 Agnoscisne
854 797 946 845 iam,
977 796 1072 848 quia
1107 810 1187 838 non
1216 808 1355 837 omnes
1393 795 1546 848 pacifici
1579 796 1647 848 (1111
1677 795 1896 846 domestici,
1923 808 1999 837 nec

469 865 607 893 omnes
648 853 765 894 amici
802 853 871 905 qui
909 853 1124 894 videntur?
1188 853 1241 892 Et
1278 852 1312 892 si
1347 851 1445 892 alias
1481 863 1741 902 noveramus,
1783 851 1854 893 sed
1891 863 2000 892 nunc

468 921 539 961 per
576 910 617 949 te
654 908 907 950 manifestius
947 908 1160 949 edocemur
1197 920 1359 949 omnem
1397 907 1610 948 veritatem
1656 907 1765 949 illius
1803 908 1998 948 sermonis

468 965 649 1013 Domini,
689 977 810 1017 quem
848 965 966 1005 dixit:
1023 963 1225 1015 Quoniam
1262 963 1414 1004 inimici
1451 964 1627 1004 hominis
1665 963 1874 1004 domestici
1913 963 1999 1004 eius

466 1021 628 1073 (Matth.
647 1021 696 1069 X,
717 1022 799 1074 36).
847 1021 932 1061 Vae
953 1020 1068 1061 fratri
1089 1033 1112 1061 a
1130 1020 1254 1061 fratre
1287 1020 1330 1060 in
1359 1019 1491 1060 medio
1518 1020 1580 1060 tui
1610 1021 1652 1060 et
1679 1019 1772 1060 filiis
1801 1031 1826 1060 a
1853 1031 1998 1073 paren-

466 1076 597 1117 tibus!
637 1076 722 1118 Vae
751 1090 831 1117 non
862 1089 886 1117 a
915 1076 1068 1128 gladiis,
1099 1076 1169 1117 sed
1200 1089 1223 1116 a
1252 1076 1368 1116 labiis
1397 1075 1546 1128 iniquis
1567 1076 1609 1117 et
1637 1087 1661 1116 a
1680 1076 1820 1128 lingua
1839 1075 1994 1116 dolosa!

468 1133 690 1184 Usquequo
720 1133 838 1174 -male
882 1133 923 1173 in
965 1133 1071 1173 malo
1111 1145 1181 1173 vos
1220 1132 1462 1173 alterutrum
1501 1131 1734 1173 confortatis
1774 1132 1815 1172 et
1853 1131 1996 1184 gladiis

468 1189 666 1229 labiorum
696 1189 867 1229 invicem
895 1188 1094 1237 sternitis,
1131 1188 1303 1229 invicem
1331 1188 1515 1241 perditis,
1550 1189 1598 1228 ut
1627 1188 1677 1228 ab
1705 1187 1877 1229 invicem
1907 1199 2000 1228 con-

468 1245 715 1284 sumamini?
764 1244 1083 1296 Congregamini,
1114 1257 1207 1285 oves
1229 1244 1444 1297 dispersae,
1473 1244 1600 1284 redite
1621 1243 1672 1284 ad
1691 1255 1854 1297 pascua,
1872 1243 2000 1284 redite

468 1300 517 1340 ad
547 1300 758 1341 Pastorem
797 1302 838 1341 et
876 1300 1121 1354 Episcopum
1151 1300 1378 1341 animarum
1406 1302 1645 1340 vestrarum.
1701 1299 1858 1349 Redite,
1886 1311 2002 1353 prae-

469 1356 720 1405 varicatores,
751 1356 801 1396 ad
822 1369 898 1397 cor.
947 1355 1064 1406 Quod
1084 1357 1237 1408 loquor,
1267 1369 1347 1396 non
1369 1356 1485 1408 quasi
1506 1356 1634 1396 hostis
1664 1355 1900 1405 convicians,
1929 1355 1999 1396 sed

470 1412 586 1464 quasi
617 1413 770 1453 amicus
810 1412 1035 1464 obiurgans.
1093 1412 1227 1453 Habet
1263 1424 1358 1453 vera
1397 1412 1573 1453 amicitia
1610 1423 1904 1464 nonnunquam
1932 1411 2001 1452 ob-

470 1468 749 1520 iurgationem,
780 1468 1053 1509 adulationem
1082 1480 1304 1520 nunquam.

585 1523 664 1565 Sed
701 1524 906 1576 iungimus
945 1526 986 1564 et
1020 1524 1347 1565 obsecrationem.
1406 1523 1675 1565 Obsecramus
1717 1535 1789 1577 pro
1830 1522 2001 1571 Christo,

471 1580 781 1620 reconciliamini
800 1580 897 1629 Deo,
912 1580 1224 1621 reconciliamini
1241 1580 1486 1633 principibus
1502 1580 1657 1628 vestris,
1672 1579 1842 1620 Petrum
1859 1579 2001 1631 loquor

474 1637 514 1675 et
533 1635 718 1685 Paulum,
749 1649 849 1688 quos
870 1636 1010 1688 utique
1039 1637 1081 1676 in
1110 1636 1255 1677 vicario
1286 1637 1327 1677 et
1355 1648 1583 1677 successore
1614 1648 1686 1676 suo
1706 1635 1888 1688 Eugenio
1917 1635 2000 1676 suis

472 1691 633 1732 sedibus
664 1694 704 1732 et
734 1692 898 1733 aedibus
929 1692 1147 1744 effugastis.
1184 1692 1524 1741 Reconciliamini,
1551 1691 1730 1744 inquam,
1758 1691 1864 1733 orbis
1891 1691 2002 1744 prin-

470 1747 643 1800 cipibus,
674 1761 723 1788 ne
753 1748 854 1788 forte
883 1748 1048 1801 incipiat
1076 1761 1148 1801 pro
1179 1748 1235 1789 eis
1264 1761 1446 1801 pugnare
1476 1748 1581 1789 orbis
1613 1750 1744 1789 terrae
1773 1748 1914 1788 contra
1940 1747 2002 1787 in-

471 1805 664 1844 sensatos.
717 1806 780 1844 An
810 1804 983 1853 nescitis,
1014 1805 1110 1856 quia
1138 1805 1200 1845 his
1231 1804 1392 1845 offensis
1420 1804 1522 1845 1111111
1552 1804 1713 1845 0111111110
1743 1802 1903 1852 valetis,
1937 1803 2000 1843 his

471 1859 652 1912 propitiis
688 1860 790 1900 nihil
827 1860 988 1901 omnino
1024 1860 1208 1901 timetis?
1265 1860 1374 1909 Non,
1411 1860 1600 1912 inquam,
1626 1872 1707 1901 non
1735 1859 1897 1900 timebis
1926 1859 2002 1900 sub

472 1916 616 1956 horum
646 1916 777 1956 tutela
805 1916 932 1956 millia
960 1916 1098 1970 populi
1129 1916 1416 1957 circumdantis
1446 1918 1506 1964 te,
1538 1916 1632 1956 urbs
1661 1915 1832 1968 inclyta,
1861 1914 2001 1956 civitas

471 1971 646 2012 fortium.
703 1972 974 2013 Reconciliare
1003 1972 1169 2025 proinde
1198 1972 1295 2022 illis,
1331 1973 1454 2013 simul
1483 1973 1524 2012 et
1552 1972 1731 2012 millibus
1761 1972 2000 2024 martyrum,

472 2027 540 2079 qui
562 2027 725 2079 quidem
746 2027 851 2080 apud
881 2032 933 2077 te,
963 2028 1033 2068 sed
1063 2029 1202 2069 contra
1230 2030 1270 2068 te
1301 2030 1397 2069 sunt
1415 2029 1579 2081 propter
1598 2027 1749 2080 grande
1778 2028 2001 2081 peccatum,

472 2083 578 2135 quod
598 2084 783 2136 peccasti,
803 2084 844 2124 in
866 2095 944 2136 quo
966 2085 1006 2125 et
1025 2084 1217 2137 persistis.
1238 2084 1510 2125 Reconciliare
1526 2084 1649 2124 etiam
1670 2083 1780 2124 omni
1799 2083 2001 2124 Ecclesiae

473 2141 720 2189 sanctorum,
765 2139 834 2192 qui
862 2140 1012 2192 ubique
1055 2142 1257 2181 terrarum
1296 2140 1432 2180 audito
1471 2141 1548 2180 hoc
1576 2140 1705 2181 'verbo
1743 2138 2002 2180 scandalizati

471 2197 577 2235 sunt.
634 2196 825 2248 Alioquin
861 2195 1010 2248 pagina
1045 2196 1125 2237 ista
1162 2198 1302 2236 contra
1340 2197 1380 2236 te
1409 2196 1451 2236 in
1481 2195 1760 2236 testimonium
1791 2195 1887 2242 erit;
1930 2194 2000 2236 sed

474 2253 514 2291 et
542 2251 617 2304 ipsi
637 2252 821 2304 Apostoli
852 2252 892 2291 et
910 2253 1111 2305 martyres
1139 2251 1202 2292 tui
1231 2253 1399 2292 stabunt
1427 2251 1468 2292 in
1498 2263 1648 2304 magna
1676 2251 1904 2292 constantia
1933 2250 2002 2291 ad-

472 2320 612 2348 versus
651 2319 729 2356 eos,
780 2307 850 2359 qui
894 2319 936 2348 se
985 2307 1320 2360 angustiaverunt
1368 2309 1409 2348 et
1447 2308 1515 2359 qui
1552 2307 1808 2348 abstulerunt
1843 2307 2001 2348 labores

473 2375 623 2403 eorum.
655 2363 734 2404 Sed
763 2364 846 2404 iam
874 2363 997 2404 finem
1021 2363 1213 2416 loquendi
1243 2376 1382 2404 omnes
1407 2363 1557 2416 pariter
1582 2363 1806 2404 audiamus.
1834 2364 2002 2404 Annun-

470 2419 567 2460 tiavi
597 2419 814 2469 iustitiam,
843 2420 1124 2473 praenuntiavi
1153 2420 1389 2472 periculum,
1418 2419 1631 2460 veritatem
1649 2431 1732 2460 non
1760 2418 1880 2468 tacui,
1909 2419 2002 2459 hor-

470 2476 582 2515 tatus
603 2488 695 2516 sum
716 2475 765 2516 ad
786 2476 973 2522 meliora3
1006 2476 1201 2529 superest,
1221 2477 1268 2516 ut
1289 2477 1359 2516 aut
1379 2475 1427 2516 de
1447 2477 1582 2516 vestra
1610 2475 1728 2516 citius
1757 2474 2001 2516 correctione

469 2531 668 2572 laetemur
712 2533 801 2580 aut,
840 2532 888 2572 de
932 2531 1041 2573 iusta
1083 2531 1311 2572 imminenti
1357 2531 1616 2572 damnatione
1659 2530 1776 2580 certi,
1817 2531 2002 2572 inconso-

470 2587 643 2628 labiliter
670 2587 903 2640 lugeamus,
945 2590 1171 2629 arescentes
1213 2589 1253 2628 et
1283 2588 1535 2628 tabescentes
1565 2599 1660 2641 prae
1689 2587 1834 2628 timore
1866 2589 1907 2628 et
1935 2598 2001 2627 ex-

471 2643 729 2696 spectatione,
760 2656 863 2696 quae
894 2644 1177 2697 supervenient
1205 2643 1417 2685 universae
1446 2643 1547 2684 urbi.

581 2782 612 2825 *)
637 2781 772 2816 bozieht
795 2782 867 2816 sich
893 2782 954 2815 auf
976 2782 1037 2815 das
1061 2781 1217 2815 Schisma
1240 2792 1315 2815 vom
1339 2781 1371 2815 J.
1399 2783 1498 2815 1130.
1549 2780 1662 2824 (Nach
1684 2779 1898 2822 Bemhardi,
1936 2779 1995 2814 der

470 2828 557 2861 clero
580 2830 735 2873 gesporrt
760 2828 900 2870 druckt,
933 2830 1063 2861 miisste
1094 2827 1168 2862 hier
1199 2828 1272 2861 eine
1296 2827 1506 2869 Andeutung
1530 2827 1590 2860 auf
1610 2827 1742 2861 Arnold
1765 2837 1829 2860 von
1853 2826 1994 2860 Brescia

471 2874 543 2908 sich
570 2874 694 2917 finden,
721 2885 818 2908 wenn
843 2874 953 2908 dieser
977 2874 1075 2907 Brief
1096 2875 1211 2918 spater
1236 2874 1287 2907 als
1314 2876 1402 2908 1145
1426 2873 1646 2917 gesehrieben
1671 2875 1782 2914 ware.)

2083 1068 2098 1145 ,ffl-..u‘
2082 971 2098 1058 mund.
2083 862 2098 964 {nb-tuo
2075 706 2098 854 ’,ἀκὴν-’ὲ
