2098 3432
1569 265 1654 305 217

81 376 292 442 spectabili
321 377 544 419 liberorum
574 379 616 419 et
644 376 979 419 ministerialium
998 377 1266 419 multitudine
1288 378 1475 419 nostram
1497 377 1654 431 suppli-

82 436 184 478 citer
225 434 462 489 imploravit
507 434 790 484 clementiam,
836 436 885 476 ut
929 447 1094 476 omnem
1137 434 1480 484 iurisdictionem,
1529 447 1655 487 quam

0 494 26 551 3}
81 493 360 542 antecessores
392 492 457 533 sui
488 494 529 533 et
559 491 756 534 aecclesia
786 494 828 533 et
858 491 1035 533 ducatus
1066 492 1422 546 Wirzeburgensis
1454 504 1478 533 a
1499 491 1652 533 Karolo

0 556 30 587 L
81 561 231 604 magno
260 550 303 591 et
331 548 523 591 omnibus
554 549 859 591 successoribus
901 549 986 590 suis
1027 562 1160 603 usque
1200 549 1250 591 ad
1290 562 1458 604 presens
1490 551 1654 603 tempus

15 637 24 652 .-
80 606 192 650 iusta
221 607 264 648 61
293 606 435 660 quieta
463 607 721 661 possessione
754 606 840 648 sine
873 606 1143 649 diminutione
1186 609 1412 648 tenuerunt
1442 608 1483 648 61
1512 619 1652 661 posse-

21 669 30 684 “
81 663 242 714 derunt,
275 663 354 706 sibi
386 665 428 706 et
457 664 679 706 aecclesiae
711 665 752 705 et
782 663 951 705 ducatui
980 664 1192 718 imperiale
1225 664 1470 706 auctoritate
1501 667 1543 705 et
1571 663 1654 718 pri-

27 772 34 776 ,
82 720 217 775 vilegii
245 720 376 763 nostri
405 721 636 763 munitione
666 721 907 763 confirmare
939 721 1216 775 dignaremur.
1262 720 1370 773 Quia
1401 733 1495 762 vero
1526 721 1652 762 ratio-

79 777 237 821 nabiles
265 778 486 833 petitiones
516 778 751 833 supplicum
781 778 958 820 libenter
988 779 1288 833 amplectimur,
1320 778 1392 832 qui
1423 778 1549 819 etiam
1570 791 1651 819 non

19 857 23 866 =
79 834 214 890 rogati
227 835 340 877 iusta
352 835 532 888 cogitare
549 835 759 885 debemus,
776 836 966 877 definitas
981 848 1047 878 res
1062 837 1113 878 ab
1130 836 1313 889 antiquis
1326 836 1655 890 imperatoribus,

26 923 27 927 η
81 905 186 948 quas
216 895 357 935 tamen
387 895 550 935 constat
578 893 879 935 rationabiliter
909 905 998 934 esse
1028 893 1214 935 decretas
1245 895 1286 935 et
1318 894 1368 935 ab
1390 892 1587 934 aecclesia
1616 894 1657 934 et

18 959 22 987 ἑ
80 949 235 993 ducam
252 950 587 1004 wirzeburgensi
618 950 870 1004 longissimis
900 951 1240 1004 possessionibus,
1270 953 1319 992 ut
1349 952 1391 992 et
1411 950 1654 991 memoriam

80 1006 296 1050 hominum
344 1007 561 1058 excedant,
611 1007 947 1061 irrefragabiliter
996 1008 1158 1050 habitas
1208 1012 1250 1050 et
1294 1008 1492 1056 usitatas,
1541 1007 1657 1048 nulla

81 1064 270 1129 volumus
300 1064 492 1120 deinceps
523 1065 794 1119 ambiguitate
825 1065 1015 1115 titubare,
1048 1066 1145 1119 quia
1166 1065 1283 1107 decet
1303 1066 1471 1106 firmum
1492 1077 1655 1118 semper

0 1109 22 1176 ἒ
79 1123 263 1173 existere,
301 1122 412 1176 quod
451 1122 700 1176 antiquitate
741 1124 782 1164 et
817 1122 1015 1164 diuturna
1044 1123 1302 1177 possessione
1334 1122 1656 1172 commendatur,

77 1191 155 1222 nec
177 1178 314 1235 priora
343 1191 542 1234 quassare
571 1180 770 1230 valemus,
800 1179 871 1221 ubi
900 1179 1027 1221 nichil
1059 1181 1132 1230 est,
1164 1179 1274 1233 quod
1305 1180 1504 1233 corrigere
1536 1179 1657 1220 debe-

7 1247 11 1277 J
78 1249 210 1279 amus.
266 1236 369 1279 Inde
390 1238 470 1287 est,
502 1237 612 1291 quod
641 1236 801 1292 prefato
830 1236 1010 1279 Heroldo
1031 1237 1254 1279 venerabili
1277 1237 1466 1291 episcopo
1488 1236 1656 1289 suisque

78 1293 382 1337 successoribus
420 1293 464 1336 in
500 1296 749 1350 perpetuum
790 1307 863 1349 pro
903 1294 998 1335 fidei
1039 1307 1139 1336 suae
1171 1296 1213 1336 et
1243 1294 1534 1348 obsequiorum
1566 1306 1658 1348 pre-

78 1350 198 1394 claris
246 1351 406 1394 meritis
454 1353 497 1394 et
545 1353 782 1394 interventu
831 1351 937 1393 sacri
976 1352 1136 1405 collegii
1175 1351 1383 1406 predictae
1424 1351 1655 1401 aecclesiae,

78 1408 195 1453 cuius
225 1408 386 1451 devotio
417 1409 593 1464 pectoris
614 1409 746 1451 nostri
775 1409 1059 1463 penetralibus
1089 1409 1262 1460 inheret,
1293 1422 1340 1451 ac
1360 1409 1583 1451 liberorum
1615 1411 1656 1450 et

77 1465 412 1513 ministerialium
438 1466 646 1509 indefessa
666 1466 966 1521 supplicatione
988 1467 1138 1509 devicti
1161 1467 1309 1509 damus
1331 1468 1373 1508 et
1393 1466 1655 1508 concedimus

78 1524 122 1566 61
155 1523 360 1578 presentis
397 1523 604 1579 privilegii
640 1523 873 1566 munimine
913 1524 1207 1567 confirmamus
1250 1538 1364 1566 omn
1377 1537 1451 1565 em
1496 1523 1654 1565 iuris-

79 1579 367 1624 dictionem
408 1594 501 1623 seu
529 1582 738 1637 plenam
766 1583 1097 1636 potestatem
1127 1581 1358 1624 faciendi
1388 1581 1657 1623 iustitiam

77 1650 170 1694 per
198 1639 367 1681 totum
397 1639 757 1694 episcopatum
787 1641 836 1681 et
866 1639 1117 1681 ducatum
1147 1639 1656 1693 wirzeburgensem

79 1697 130 1738 et
155 1709 241 1752 per
270 1709 447 1739 omnes
488 1697 743 1739 cometias
783 1697 835 1738 in
875 1696 1056 1739 eodem
1096 1698 1416 1752 episcopatu
1455 1696 1542 1738 vel
1573 1695 1657 1737 dn-

79 1755 201 1796 catu
229 1753 361 1796 sitas
392 1754 451 1796 de
481 1754 679 1809 rapinis
710 1755 758 1796 61
787 1754 1070 1805 incendiis,
1101 1755 1160 1796 de
1192 1754 1408 1796 allodiis
1439 1754 1487 1795 et
1508 1754 1657 1795 bene-

78 1810 245 1862 ficiis,
275 1811 332 1853 de
362 1811 661 1854 hominibus
692 1814 742 1854 et
771 1811 831 1854 de
862 1812 1099 1854 vindicta
1129 1811 1435 1866 sanguinis;
1468 1812 1655 1852 statuen-

79 1869 143 1918 tes
170 1867 388 1924 imperialii
418 1869 668 1911 auctoritate.
712 1871 754 1911 et
789 1869 880 1923 lege
920 1871 1118 1924 perpetuo
1158 1870 1337 1911 valitura
1376 1868 1655 1918 decernentes,

80 1938 132 1968 ne
177 1925 316 1980 aliqua
359 1927 662 1969 aecclesiastica
707 1926 955 1970 secularisve
999 1940 1176 1982 persona
1221 1926 1362 1980 aliqua
1406 1925 1654 1967 temeritatis

80 1983 387 2038 presumptione
417 1986 560 2026 contra
589 1984 784 2026 instituta
815 1983 1082 2038 antiquorum
1114 1985 1357 2039 principum,
1393 1986 1536 2025 contra
1567 1983 1657 2024 diu-

78 2042 247 2083 turnam
267 2042 310 2083 et
328 2040 483 2084 iustam
503 2042 809 2096 possessionem
829 2042 1185 2095 wirzeburgensis
1207 2041 1428 2084 aecclesiae
1451 2042 1493 2082 et
1513 2042 1656 2082 nostra

81 2098 366 2141 intemeranda
394 2099 560 2141 decreta
589 2099 776 2150 veniens,
811 2112 885 2155 per
915 2101 1050 2142 totum
1083 2100 1471 2153 wirzeburgensem
1501 2097 1656 2152 episco-

80 2157 227 2210 patum
268 2157 310 2198 et
349 2156 548 2199 ducatum
587 2158 629 2199 61
667 2157 864 2199 cometias
903 2157 1011 2199 infra
1050 2158 1249 2199 terminos
1291 2156 1552 2211 episcopatus
1592 2155 1657 2197 vel

81 2211 256 2255 ducatus
285 2213 387 2256 sitas
417 2214 674 2256 iudiciariam
702 2216 955 2268 potestatem
986 2215 1035 2256 de
1066 2215 1204 2269 predis
1242 2215 1304 2256 vel
1343 2213 1540 2254 incendiis
1581 2214 1654 2254 aut

81 2269 132 2312 de
169 2270 329 2313 allodiis
369 2285 444 2313 seu
482 2271 688 2314 beneficiis
720 2272 805 2314 sive
835 2272 1072 2314 hominibus
1104 2272 1296 2326 deinceps
1327 2272 1536 2318 exerceat,
1575 2270 1654 2311 nisi

81 2327 193 2370 solus
222 2327 578 2383 wirzeburgensis
616 2329 831 2384 episcopus
863 2334 904 2371 et
934 2329 1035 2379 dux,
1076 2331 1141 2372 vel
1179 2330 1245 2372 cui
1275 2329 1362 2383 ipse
1393 2327 1659 2375 commiserit,

81 2383 175 2427 hoc
203 2387 437 2440 excepto,
481 2387 618 2440 quod
657 2387 875 2429 comites
913 2387 971 2429 de
1002 2387 1189 2430 liberis
1220 2385 1531 2433 hominibus,
1572 2384 1656 2438 qui

82 2441 239 2496 vulgo
284 2443 510 2497 bargildi
556 2445 834 2494 vocantur,
885 2444 936 2486 in
981 2445 1218 2487 comitiis
1263 2442 1656 2491 habitantibus,

83 2499 347 2542 statutam
391 2500 669 2543 iusticiam
698 2502 936 2556 recipere
977 2502 1182 2544 debent.
1242 2500 1452 2555 Imperiali
1486 2512 1650 2552 quoque

3 2574 14 2579 2
80 2558 269 2612 precepto
298 2557 545 2608 inhibemus,
575 2571 637 2600 116
673 2558 872 2613 aliquis
913 2559 964 2600 in
1005 2559 1214 2614 prefato
1254 2558 1572 2612 episcopatu
1605 2558 1656 2597 et

82 2611 277 2656 ducatu
314 2616 398 2658 vel
436 2616 485 2657 in
525 2615 758 2658 comitiis
788 2616 841 2658 in
872 2616 948 2658 eis
979 2617 1101 2659 sitis
1133 2617 1346 2670 aliquas
1377 2613 1655 2656 centurias

81 2668 249 2714 faciat
285 2673 367 2714 vel
405 2673 751 2726 centgravios
792 2674 1119 2725 constituat,
1164 2675 1269 2716 nisi
1308 2671 1663 2715 concessione·

82 2726 318 2784 episcopi
347 2729 499 2772 ducis
527 2730 1006 2784 Wirzeburgensis.

195 2808 410 2861 Preterea,
450 2810 549 2864 quia
596 2811 646 2853 de
685 2815 820 2854 castro
849 2811 1081 2865 Bramberg
1118 2811 1235 2866 quies
1265 2811 1376 2866 pacis
1407 2809 1534 2852 totius
1564 2821 1657 2863 pro-

82 2864 238 2909 vinciae
266 2879 362 2922 sepe
393 2868 641 2910 turbabatur
671 2871 712 2911 et
742 2869 972 2911 multorum
1001 2870 1207 2912 malorum
1238 2868 1471 2911 occasiones
1512 2869 1656 2908 contra
