2098 3432
1590 296 1672 340 195

102 416 229 467 derat,
244 413 454 457 certiorari
468 413 612 468 possis.
657 414 719 455 Ex
736 426 817 467 quo
835 414 976 455 autem
991 413 1181 456 lecticam
1199 413 1392 464 ascendit,
1411 413 1674 466 aliquatenus

101 473 263 517 videtur
292 471 565 522 confortatus,
595 471 693 512 licet
723 471 858 512 adhuc
886 470 1063 512 nimium
1093 470 1335 520 infestetur;
1368 470 1675 524 aliquantulum

18 518 37 574 J
100 529 310 574 interdum
349 529 507 582 quievit
544 528 722 578 vomica,
763 530 805 570 et
835 531 984 582 sponte
1013 528 1195 570 naturali
1225 528 1417 582 purgatio
1447 531 1674 582 reparatur.

22 608 25 610 ·
102 586 398 630 wintoniensis
409 587 438 621 ⁸)
469 587 511 628 et
539 586 834 628 Dunelmensis
846 587 887 636 b),
932 587 981 627 ut
1025 585 1160 635 aiunt,
1212 586 1246 627 si
1279 585 1505 628 Octaviano
1535 586 1674 640 palam

101 645 300 689 auderent
309 657 382 698 pro
394 645 486 686 voto
499 634 726 697 suffragari,
742 643 918 685 libenter
927 643 1120 685 cederent
1136 644 1178 684 in
1189 645 1351 697 partem
1366 643 1465 685 eius.
1487 643 1521 684 E
1533 644 1676 684 contra

22 714 25 743 ῑ
100 701 368 746 Eboracensis
385 703 427 744 et
446 701 731 742 thesaurarius
752 701 894 742 noster
914 700 1054 743 fovent
1073 700 1172 743 totis
1192 700 1348 742 viribus
1370 700 1674 747 Alexandrum;

101 773 183 803 non
201 761 342 802 tamen
363 759 439 801 soli
461 760 570 808 sunt,
602 758 799 812 quoniam
818 770 914 812 pars
935 759 1036 800 haec
1056 758 1244 813 pluribus
1273 762 1336 800 est
1367 760 1408 800 et
1437 757 1676 800 melioribus

8 827 25 842 ''-
54 860 58 865 ,
101 819 278 872 accepta,
308 816 380 858 sed
411 829 504 858 eam
534 815 821 858 vehementius
851 818 1034 858 tuentur.

18 1014 23 1043 ῑ
98 998 192 1057 ΧΗ.
217 981 219 983 ’
240 997 753 1056 Gesandtschaftsberioht
795 997 869 1054 des
915 997 1193 1054 kaiser-lichen
1230 997 1384 1054 Notars
1419 1013 1459 1054 u.
1495 996 1679 1068 Kaplans

0 1090 16 1126 μ
545 1076 776 1141 Burchard,
807 1076 919 1132 Ende
953 1077 1049 1133 llez.
1070 1076 1228 1143 llsslfi‘)

512 1155 734 1200 (Sudendorf,
758 1155 964 1200 Registrum
989 1156 1037 1200 H,
1066 1157 1279 1198 134-139.)

11 1253 14 1258 ·
214 1223 394 1267 Domino
424 1224 467 1265 et
496 1222 607 1278 patri
636 1235 711 1265 suo
741 1223 931 1277 Nykolao
961 1223 1186 1266 venerabili
1217 1222 1356 1264 abbati
1378 1222 1679 1276 Sigebergensi,

26 1279 27 1282 ’
102 1281 405 1338 B(urchardus)
422 1279 677 1323 Coloniensis
692 1280 1012 1335 porfirogenitus
1036 1282 1078 1322 et
1098 1280 1333 1335 primitivus
1353 1280 1476 1330 filius,
1500 1280 1679 1321 salutem

5 1341 11 1351 '
103 1340 146 1382 et
175 1338 372 1394 quicquid
403 1339 467 1380 est
496 1337 684 1380 mirabile
715 1338 758 1380 in
789 1339 918 1380 oculis
948 1338 1114 1380 nostris.

216 1395 423 1449 Quoniam
446 1395 708 1438 devotionem
728 1395 1098 1438 desiderantissimi
1118 1395 1248 1450 patris
1269 1395 1399 1437 latere
1421 1407 1503 1436 non
1526 1394 1679 1436 debent

102 1453 262 1497 labores
282 1453 357 1495 filii
377 1453 593 1504 exulantis,
626 1465 898 1507 quaecunque
920 1453 962 1494 in
992 1453 1199 1507 legatione
1231 1452 1387 1495 domini
1416 1451 1678 1506 imperatoris

101 1511 204 1554 mihi
243 1523 268 1553 a
304 1511 410 1553 festo
449 1510 562 1552 beati
601 1510 817 1553 Michaelis
857 1523 991 1565 usque
1032 1511 1084 1552 ad
1121 1510 1386 1552 nativitatem
1428 1509 1582 1551 domini
1614 1522 1679 1550 ac-

102 1568 302 1620 ciderunt,
340 1568 454 1611 vobis
475 1567 654 1610 breviter
673 1568 852 1622 figurare
873 1569 1047 1622 dignum
1078 1568 1186 1610 duxi.
1235 1568 1384 1621 Itaque
1415 1580 1520 1609 novo
1550 1566 1679 1622 patri-

103 1626 227 1668 archa
241 1626 505 1680 Aquileiense
527 1625 579 1667 ad
605 1626 764 1668 curiam
793 1626 1003 1681 perducto,
1033 1639 1107 1680 per
1139 1625 1356 1668 dominum
1386 1625 1678 1679 imperatorem

102 1684 310 1738 regalibus
338 1683 555 1734 investito,
595 1695 692 1726 cum
722 1684 985 1738 sponsionem
1016 1684 1052 1725 ei
1086 1683 1274 1733 fecisset,
1306 1695 1349 1724 se
1380 1682 1544 1724 domino
1575 1694 1680 1736 pape

103 1740 265 1784 Victore
296 1740 560 1784 obediturum
598 1742 641 1782 et
671 1741 723 1783 ad
753 1741 892 1796 ipsum
924 1753 967 1783 se
999 1741 1144 1783 statim
1173 1741 1354 1790 iturum,
1394 1739 1681 1782 infirmitatem

104 1798 316 1849 simulans,
347 1811 420 1853 per
441 1798 605 1840 Padum
625 1799 789 1853 navigio
819 1798 1088 1849 descendens,
1117 1798 1306 1852 neglecto
1337 1809 1455 1852 papa,
1487 1797 1559 1850 qui
1588 1798 1681 1838 tum

104 1855 214 1911 apud
242 1856 422 1910 Regium
451 1856 703 1906 morabatur,
732 1856 984 1911 pertransiit.
1029 1856 1116 1910 Ego
1148 1857 1291 1897 autem
1321 1868 1418 1896 cum
1449 1867 1495 1896 eo
1526 1855 1680 1896 missus

103 1915 146 1956 et
186 1913 231 1956 in
273 1913 430 1967 regalia
474 1915 564 1955 tam
606 1914 915 1968 patriarchatus
961 1926 1089 1967 quam
1128 1913 1390 1968 episcopatus
1429 1911 1679 1953 Belunensis

102 1983 240 2070 pisum
268 1971 527 2021 inducturus,
558 1983 644 2013 una
673 1984 770 2013 cum
799 1971 903 2014 duce
932 1971 1190 2022 Karinthiae,
1221 1971 1293 2024 qui
1323 1982 1495 2024 presens
1528 1969 1681 2019 aderat,

118 2029 261 2072 ortiter
290 2028 327 2070 ei
355 2028 612 2071 resistebam.
673 2028 756 2071 Sed
784 2029 888 2071 nihil
918 2029 1177 2084 profecimus,
1224 2029 1598 2082 quantumcunque
1629 2026 1679 2068 (16

219 2122 254 2163 a)
278 2120 519 2164 Winchester;
546 2120 582 2165 b)
608 2120 781 2156 Durham.

218 2167 252 2213 *)
277 2167 331 2202 Ι111
354 2167 508 2202 Herbste
536 2170 623 2203 1161
660 2167 787 2202 erhielt
813 2168 874 2203 der
898 2167 1105 2203 kaiserliche
1130 2167 1244 2202 Notar
1268 2179 1302 2202 u.
1329 2167 1468 2212 Kaplan
1493 2166 1678 2201 Burchard

103 2225 168 2250 von
184 2213 276 2250 Κὸ111
305 2215 372 2249 den
387 2214 551 2259 Auftrag,
578 2226 622 2249 an
639 2215 823 2250 Eberhard
848 2228 878 2251 v.
898 2214 1070 2260 salzburg
1094 2215 1150 2250 ein
1167 2214 1355 2249 Schreiben
1374 2226 1415 2248 zu
1433 2214 1679 2258 iiberbringem

103 2261 209 2297 worin
242 2262 304 2297 der
335 2262 492 2307 saumige
517 2261 725 2297 Erzbischof
749 2263 986 2308 aufgefordert
1009 2262 1127 2297 wurde
1140 2291 1147 2305 ,
1180 2262 1340 2297 vierzehn
1365 2261 1460 2306 Tage
1484 2261 1574 2296 nach
1601 2261 1678 2295 dem

103 2309 271 2344 nfichsten
296 2307 490 2345 Osterfeste
523 2310 590 2344 mit
622 2310 735 2344 seiner
758 2310 986 2345 Mannschaft
1009 2310 1046 2344 in
1070 2310 1209 2345 Verona
1234 2309 1308 2344 sich
1335 2308 1565 2344 einzufiuden.
1615 2308 1680 2342 Zu-

103 2355 218 2401 gleich
234 2367 304 2391 war
321 2356 504 2391 Burchard
528 2357 743 2402 beauftragt,
770 2357 836 2393 den
862 2369 940 2392 zum
956 2357 1172 2401 Nachfolger
1189 2357 1250 2391 des
1266 2356 1496 2391 Patriarchen
1514 2356 1679 2399 Peregrin

105 2403 294 2438 erwahlten
317 2415 352 2440 u.
378 2415 456 2438 vom
472 2403 598 2438 Kaiser
613 2404 743 2439 bereits
769 2405 836 2439 mit
862 2405 940 2439 dem
957 2404 1202 2439 Putriarchate
1228 2416 1260 2439 u.
1280 2404 1357 2438 dem
1377 2403 1515 2437 Bistum
1534 2403 1680 2437 Belluno

104 2449 327 2486 invosfieroen
356 2451 527 2486 Udalrich
552 2463 582 2486 ν.
609 2451 763 2495 Treffen,
805 2452 904 2487 einen
930 2452 1076 2486 Schiiler
1100 2451 1300 2486 Eberhards
1318 2479 1325 2493 ,
1360 2451 1395 2484 in
1430 2450 1485 2484 die
1509 2450 1679 2494 Regalien

104 2497 338 2534 einzufiihren.
379 2492 474 2533 Uber
498 2498 592 2533 diese
609 2499 755 2533 Mission
772 2499 947 2534 berichtet
965 2499 1149 2533 Burchard
1168 2510 1211 2533 an
1239 2498 1305 2532 den
1330 2498 1403 2531 ihm
1429 2497 1678 2532 befreundeten

104 2543 178 2581 Abt
200 2544 262 2580 des
285 2545 686 2580 Benediktinerklosters
703 2545 876 2591 Siegburg
900 2547 955 2581 bei
973 2547 1076 2582 Koln.
1119 2546 1284 2590 Zugleich
1309 2545 1388 2589 gibt
1413 2556 1449 2579 er
1474 2545 1549 2579 eine
1575 2545 1678 2578 kurze

103 2588 308 2637 Mitteilung
340 2593 426 2627 iiber
458 2593 534 2628 eine
560 2592 837 2628 Gesandtschaft
871 2593 931 2628 des
968 2594 1219 2639 Dompropstes
1250 2604 1315 2626 von
1352 2591 1553 2626 Patlerborn
1589 2591 1678 2626 nach

103 2637 247 2684 Ungarn
262 2651 296 2675 11.
322 2640 398 2675 61116
416 2640 646 2676 intcressante
663 2639 896 2685 Schilderung
917 2641 978 2675 der
995 2641 1193 2685 damaligeu
1212 2639 1420 2685 politischen
1437 2638 1679 2684 Verhaltnisse

105 2684 270 2732 Europas.
311 2686 510 2722 Sudendorf
530 2687 596 2722 hat
620 2687 684 2722 das
706 2687 894 2723 Schreiben
919 2688 1106 2733 publiziert
1130 2687 1192 2722 auf
1216 2686 1338 2722 Grund
1365 2686 1543 2720 derselben
1571 2685 1680 2719 Uber-

105 2731 284 2778 lieferung,
306 2734 368 2769 wie
386 2734 453 2770 den
469 2733 902 2770 Gesandtschaftsbericht
917 2735 1089 2770 Rainalds
1108 2746 1138 2770 ν.
1158 2734 1284 2768 Dassel
1305 2745 1336 2768 u.
1354 2732 1458 2768 Ottos
1472 2745 1502 2768 v.
1520 2733 1679 2766 Wittels-

105 2779 204 2816 bach.
252 2781 457 2826 Eingehend
490 2781 554 2816 hat
587 2782 655 2816 den
678 2782 778 2817 Brief
799 2782 1002 2826 gewiirdigt.
1023 2781 1251 2817 Giesebrecht
1274 2780 1317 2823 V,
1349 2782 1547 2815 273—278.
1598 2779 1677 2823 vgl.

106 2827 195 2862 auch
218 2826 397 2871 Schmidt,
434 2829 500 2863 Die
525 2828 687 2874 Stellung
713 2829 774 2864 der
797 2829 1020 2864 Erzbischofe
1045 2841 1078 2864 u.
1105 2829 1166 2863 des
1191 2828 1356 2862 Erzstifts
1381 2839 1411 2862 v.
1438 2827 1610 2871 Salzburg
1636 2838 1678 2860 zu

105 2873 233 2910 Kirche
245 2886 279 2911 u.
292 2875 403 2911 Reich
415 2878 519 2910 unter
530 2875 711 2911 Friedrich
724 2877 752 2913 Ι.
768 2888 799 2912 a.
814 2888 845 2912 a.
860 2876 901 2912 Ο.
917 2876 951 2912 S.
965 2880 1106 2912 31-—35
1120 2888 1152 2911 u.
1167 2875 1364 2921 Kap-Herr‚
1383 2874 1533 2909 Abendl.
1547 2873 1677 2908 Politik

106 2919 397 2958 KaisorManuels
410 2922 445 2958 S.
461 2925 612 2959 72—74.
921 2939 927 2946 ·

1374 2969 1452 3010 13*
