2098 3432
518 246 571 286 58

517 355 734 408 quemdam
764 355 1010 409 sapientem:
1054 357 1147 398 Non
1177 358 1239 398 est
1267 356 1327 398 vir
1355 355 1480 405 fortis,
1511 356 1575 397 cui
1602 369 1683 398 non
1713 357 1856 398 erescit
1883 355 2063 404 animus*

514 412 556 451 in
598 411 685 464 ipsa
735 424 872 453 rerum
925 412 1162 453 difficultate
1206 412 1393 466 (8611666,
1447 411 1560 465 epist.
1602 413 1677 462 22,
1729 412 1780 453 ad
1808 413 2083 468 1111611111111).Ε

516 468 599 519 Ego
637 468 775 508 autem
804 467 906 517 dico,
945 468 1054 509 fideli
1087 468 1239 510 homini
1275 467 1406 530 magis
1437 469 1477 508 et
1505 467 1610 508 inter
1637 468 1799 520 flagella
1826 468 2043 511 fidendum.
2084 475 2098 526 ’Ἴ

512 524 771 564 Intraverunt
801 536 928 575 aquae
968 537 1097 576 usque
1140 525 1189 565 ad
1230 524 1407 564 animam
1437 523 1603 573 Christi,
1643 525 1752 565 tacta
1792 526 1854 566 est
1889 525 2044 579 pupilla
2096 542 2098 546 ·

515 579 619 620 oculi
649 579 745 620 eius.
812 580 1146 621 Exserendus
1192 582 1274 621 est
1316 592 1448 620 nunc
1491 581 1712 632 uterque
1755 580 1959 633 gladius
2001 581 2044 623 in
2094 581 2098 620 ζ

514 635 697 688 passione
717 635 889 684 Domini,
921 635 1079 677 Christo
1101 636 1232 677 denuo
1253 636 1441 689 patiente,
1471 635 1540 676 ubi
1571 637 1612 676 et
1641 636 1767 676 altera
1785 635 1869 678 viee
1896 649 2042 690 passus
2094 634 2098 671 '1

513 693 585 731 est.
643 691 720 731 Per
760 704 882 743 quem
926 693 1064 732 autem
1105 693 1182 733 nisi
1225 704 1297 745 per
1338 693 1438 732 vos?
1503 690 1645 732 Petri
1689 693 1904 744 uterque
1947 694 2042 741 est;
2095 702 2098 703 ’

513 747 648 787 alter
678 759 766 787 suo
797 749 942 795 nutu,
978 748 1111 788 alter
1141 760 1228 789 sua
1256 760 1421 796 manu,
1463 747 1668 799 quoties
1696 759 1850 790 neces
1866 760 1918 790 se
1946 750 2045 798 est,
2095 750 2098 793 ζ

514 802 872 854 evaginandus.
921 804 973 844 Et
1004 803 1167 856 quidem
1197 803 1245 844 de
1275 816 1354 856 quo
1384 803 1519 844 minus
1548 803 1768 853 videbatur,
1797 803 1847 845 de
1875 803 1962 858 ipso
1992 805 2043 846 ad
2095 810 2098 827 ³

511 858 680 898 Petrum
710 858 863 899 dictum
902 862 984 900 est:
1035 859 1231 901 Converte
1271 859 1451 912 gladium
1479 859 1627 899 tuum
1655 859 1697 899 in
1725 859 1914 912 vaginam
1942 859 2043 914 (1011.

512 914 661 963 XVIII,
695 915 774 967 11).
832 915 967 967 Ergo
999 928 1122 957 suus
1153 917 1266 956 erat
1296 917 1344 956 et
1372 915 1481 964 ille,
1520 915 1604 956 sed
1641 927 1740 956 non
1769 927 1863 957 sua
1889 928 2045 958 manu
2096 935 2098 937 ·

512 970 689 1022 utique
720 970 1071 1024 educendus.*)
2086 980 2095 984 ‘

512 1120 749 1159 verabredet.
770 1119 842 1153 Abt
874 1119 982 1162 Suger
1012 1131 1040 1154 v.
1075 1119 1125 1154 St.
1128 1119 1248 1154 -Denis
1281 1120 1379 1154 hatte
1403 1119 1521 1172 Eugen
1546 1119 1610 1154 III.
1637 1130 1701 1154 von
1729 1119 1795 1154 den
1817 1119 2043 1155 Beschliissen
2094 1117 2098 1120 ⁴

512 1166 621 1199 dieser
637 1166 900 1208 Versammlung
923 1166 1157 1209 verstan‹ligt;
1185 1166 1294 1200 dieser
1311 1165 1466 1199 sodaun
1458 1177 1491 1199 in
1509 1166 1618 1199 einem
1633 1165 1815 1200 Sehreiben
1832 1177 1862 1201 v.
1877 1168 1931 1202 25.
1943 1165 2042 1212 April

511 1223 599 1246 zwar
623 1212 688 1245 den
712 1212 805 1246 Eifer
838 1211 964 1254 belobt‚
1001 1212 1091 1246 scine
1116 1212 1296 1246 Bedenken
1330 1213 1410 1246 aber
1439 1223 1547 1255 gegen
1574 1212 1636 1245 das
1659 1211 1913 1246 Unternehmen
1942 1213 2045 1247 nach-

512 1258 689 1292 driicklich
726 1258 995 1310 ausgesprochen
1033 1258 1071 1299 (J
1075 1257 1149 1300 affl
1184 1258 1269 1302 ch.
1307 1258 1405 1292 Pont.
1440 1269 1490 1292 nr.
1527 1259 1656 1298 6516):
1694 1257 1863 1300 „Gravem
1898 1269 2045 1311 namque

511 1304 691 1337 ‹hristiani
715 1303 862 1338 nominis
887 1303 1075 1346 iacturam,
1101 1315 1203 1348 quain
1226 1305 1352 1338 nostris
1377 1304 1586 1348 temporibus
1610 1304 1754 1338 60610616
1776 1303 1841 1338 Dei
1865 1304 2041 1348 sustinuit,

510 1351 546 1384 ct
578 1352 745 1384 recentem
785 1349 896 1383 adhuc
936 1350 1133 1384 effusionem
1179 1350 1356 1394 sanguinis
1388 1352 1563 1384 tantorum
1597 1350 1744 1384 virorum
1775 1350 1820 1384 ad
1847 1350 2044 1385 memoriam

514 1398 719 1438 revocantes,
745 1395 867 1440 grandi
884 1395 1005 1430 timore
1030 1397 1251 1439 concutimur,
1276 1399 1312 1430 et
1334 1407 1465 1430 moeror
1488 1396 1741 1430 inconsolabilis
1765 1398 1980 1432 renovatur.“

622 1443 653 1484 ⁸)
677 1442 754 1485 Vgl.
782 1442 837 1475 die
862 1442 1042 1476 beriihmte
1066 1442 1456 1486 Verteidigungsschrift
1479 1442 1677 1476 Bernhards
1702 1453 1732 1477 v.
1758 1442 1939 1477 Clairvaux
1965 1443 2038 1486 „Dc
2096 1473 2098 1483 ,

511 1488 811 1522 Consideratione“
837 1487 897 1530 IV,
932 1499 960 1522 c.
986 1491 1018 1530 3,
1044 1488 1064 1530 ξ
1091 1491 1110 1522 7
1137 1487 1449 1533 (Separatausgabe
1474 1499 1503 1522 ν.
1529 1488 1690 1530 Hurter):
1728 1487 1842 1531 „Quid
1866 1489 1907 1523 tu
1931 1488 2040 1524 denuo

509 1545 673 1578 usurpare
704 1534 859 1577 gladium
893 1534 953 1578 (66.
985 1534 1212 1577 materialem)
1244 1536 1375 1577 tentes,
1408 1545 1507 1578 quem
1532 1534 1635 1568 6611161
1659 1534 1772 1568 11166116
1797 1545 1832 1568 66
1856 1545 1980 1579 ponere
2004 1535 2040 1570 in
2084 1538 2098 1570 ἐ

510 1580 695 1623 vaginam?
744 1579 851 1621 Quem
883 1581 999 1614 tamen
1028 1580 1086 1624 qui
1117 1582 1215 1614 tuum
1239 1582 1360 1624 negat,
1394 1580 1571 1622 nonsatis
1595 1580 1680 1614 mihi
1705 1580 1841 1614 videtur
1864 1581 2041 1616 attendere
2086 1619 2091 1621 λ

510 1627 646 1660 verbum
670 1626 808 1660 Domini
835 1626 980 1660 dicentis
1005 1626 1072 1660 sie:
1111 1626 1297 1668 „Converte
1320 1626 1476 1670 gladium
1499 1628 1621 1660 tuum
1644 1626 1681 1660 in
1704 1626 1898 1670 vaginam.“
1945 1626 2039 1661 Tuus
2086 1630 2098 1636 “

507 1683 587 1715 ergo
605 1674 641 1706 et
665 1672 747 1716 ipse,
773 1674 832 1706 tuo
856 1672 999 1706 forsitan
1023 1674 1121 1714 nutu,
1147 1673 1211 1706 etsi
1237 1684 1303 1706 non
1328 1675 1389 1706 tua
1412 1683 1515 1706 11161111
1539 1672 1782 1716 evaginandus.
1821 1672 1984 1718 Alioquin
2007 1674 2038 1708 si
2094 1676 2098 1713 ᾗ

506 1718 600 1752 1111110
620 1718 718 1752 medo
736 1719 780 1752 ad
805 1720 839 1752 te
863 1718 1050 1762 pertineret
1073 1719 1109 1752 et
1132 1718 1172 1761 is,
1200 1719 1392 1752 dicentibus
1410 1718 1602 1763 Apostolis:
1629 1718 1726 1759 ,Ecce
1743 1718 1810 1753 duo
1826 1719 1936 1762 gladii
1959 1719 2039 1763 hic‘,

509 1776 575 1798 non
592 1764 824 1808 respondisset
840 1764 1024 1798 Dominus:
1052 1764 1154 1806 ,Satis
1171 1767 1246 1807 cst‘,
1271 1764 1472 1807 sed‚Ni1nis
1497 1766 1571 1798 est‘.
1611 1764 1810 1810 Uterque
1833 1775 1936 1809 ergo
1960 1765 2040 1800 Ec-

505 1810 678 1844 clesiae
710 1813 754 1844 et
785 1810 1052 1855 spiritualis
1086 1811 1272 1845 scilicet
1303 1810 1480 1854 gladius
1512 1813 1558 1845 et
1589 1811 1864 1854 materialis3
1895 1811 1973 1846 sed
2002 1812 2041 1847 16

507 1856 682 1901 quidem
713 1868 786 1901 pro
818 1856 1038 1898 Ecclesia,
1075 1857 1155 1890 ille
1189 1868 1287 1891 vero
1320 1857 1373 1891 ab
1403 1857 1608 1891 Ecclesia
1640 1857 1918 1892 exercendus
1950 1860 2041 1893 est:

506 1903 584 1936 ille
609 1903 880 1945 sacerdotis,
905 1902 943 1936 is
967 1903 1130 1936 militis
1155 1914 1280 1937 manu
1305 1903 1381 1937 sed
1406 1914 1511 1937 66116
1537 1903 1589 1936 ad
1613 1904 1760 1937 nutum
1785 1903 2040 1938 sacerdotis

507 1950 549 1982 ct
579 1949 747 1982 iussum
779 1949 836 1982 im
847 1950 970 1993 perat
983 1949 1105 1982 oris“.
1154 1949 1223 1983 Der
1253 1948 1516 1992 Schlusspassus
1546 1949 1594 1983 ist
1627 1949 1663 1983 in
1698 1949 1752 1983 die
1782 1949 1882 1984 Bulle
1907 1949 2040 1992 „Una-m

507 1997 683 2028 sanctam“
711 1995 976 2038 aufgenommen.
1024 1995 1102 2037 Vgl.
1137 1995 1223 2028 dazu
1247 1995 1435 2037 Reinkens,
1470 1995 1579 2040 Papst
1602 2007 1635 2030 11.
1660 1995 1843 2040 Papsttum
1866 1995 1956 2030 116611
1981 1996 2041 2030 (161·

507 2041 703 2084 Zeichnung
728 2041 787 2075 des
812 2041 858 2075 hl.
885 2040 1064 2074 Bernhard
1089 2053 1151 2075 von
1170 2041 1364 2083 Clairvaux3
1390 2041 1539 2082 Meliten
1564 2041 1629 2075 Die
1644 2041 1828 2076 Dekretale
1843 2042 1909 2076 Per
1931 2042 2038 2076 Vene-

506 2087 647 2121 rabilem
672 2098 736 2121 von
753 2087 918 2121 Innocenz
935 2087 998 2121 III.
1025 2087 1058 2121 S.
1077 2089 1120 2120 92
1148 2087 1170 2121 f.
1195 2087 1302 2130 („Der
1321 2086 1492 2130 Gedanke,
1520 2087 1600 2121 dass
1625 2087 1680 2122 die
1702 2087 1825 2122 beiden
1849 2087 2038 2123 Schwerter

506 2133 541 2166 in
566 2133 626 2167 der
650 2133 776 2167 Kirche
802 2144 833 2167 u.
859 2133 895 2166 in
926 2133 1019 2166 ihrer
1044 2132 1178 2167 Gewalt
1202 2133 1295 2176 sind,
1327 2133 1450 2176 gehort
1480 2133 1516 2167 in
1550 2133 1660 2167 dieser
1689 2133 2038 2169 charakteristischen

504 2179 662 2222 Fassung
686 2179 762 2213 dem
786 2179 833 2214 hl.
858 2179 1038 2212 Bernhard
1062 2190 1124 2222 an,
1150 2191 1182 2213 u.
1205 2179 1282 2223 jene
1307 2179 1454 2220 Stellen,
1480 2191 1528 2213 wo
1552 2191 1588 2214 cr
1613 2179 1722 2214 davon
1746 2179 1898 2224 spricht,
1923 2180 2038 2215 lassen

506 2225 626 2259 keincn
651 2225 785 2259 Zweifel
811 2225 968 2264 (161111161,
994 2225 1073 2258 (1666
1099 2236 1135 2258 cr
1159 2225 1218 2259 der
1233 2225 1358 2259 Kirche
1375 2225 1473 2259 bcide
1489 2225 1662 2269 beigelegt
1677 2226 1820 2269 habe“);
1845 2226 2037 2261 Bernhardi

506 2283 535 2305 a.
555 2283 585 2305 a.
604 2271 643 2306 Ο.
670 2271 703 2305 S.
726 2274 785 2305 181
801 2285 808 2312 ;
831 2271 1028 2310 Berchtold,
1046 2272 1110 2304 Die
1128 2271 1228 2305 Bulle
1243 2271 1356 2305 Unam
1373 2272 1534 2305 Sanctam
1553 2271 1586 2306 S.
1607 2275 1752 2307 16-18,
1777 2272 1942 2316 Dagegen
1957 2273 2038 2307 Phi-

505 2317 605 2362 lipps,
631 2317 878 2351 Kirchenrecht
894 2317 939 2357 II,
965 2317 997 2351 S.
1021 2320 1106 2352 1240
1125 2329 1156 2351 u.
1174 2317 1439 2360 Hergenriitber,
1465 2317 1686 2351 Katholische
1702 2317 1828 2352 Kirche
1845 2329 1877 2354 u.
1902 2317 2036 2354 christl.

505 2364 606 2397 Staat
630 2364 665 2397 in
683 2363 774 2397 ihrer
789 2363 990 2406 gcschichtl.
1009 2363 1250 2407 Entwicklung
1266 2363 1299 2397 8.
1319 2366 1386 2397 382
1413 2364 1524 2405 ι,,1)66
1542 2364 1730 2398 materielle
1746 2364 1899 2399 Sehwert
1914 2365 2038 2408 gehort

507 2420 596 2443 zwar
627 2409 793 2443 zuuiiclist
824 2409 900 2443 dem
934 2409 1127 2443 weltlichen
1150 2409 1297 2443 Fiirsten
1322 2421 1382 2452 zu,
1414 2410 1476 2443 soll
1510 2410 1591 2444 aber
1614 2410 1825 2445 mindestens
1848 2410 1938 2445 nach
1962 2410 2038 2445 dem

506 2456 597 2489 Rate
631 2467 664 2490 u.
691 2455 750 2489 der
773 2455 952 2499 Malmung
977 2455 1037 2489 der
1060 2455 1186 2489 Kircho
1210 2455 1400 2499 gebraucht
1422 2457 1566 2490 werden.
1613 2456 1660 2490 Es
1684 2455 1807 2500 gehort
1831 2456 1891 2491 der
1913 2456 2039 2492 Kirche

507 2501 605 2536 nicht
630 2502 776 2543 absolut,
802 2501 948 2535 sondern
964 2512 1030 2535 nur
1045 2501 1080 2535 in
1097 2501 1273 2544 gewissem
1291 2501 1405 2543 Sinne,
1430 2502 1578 2536 insofern
1603 2513 1639 2536 es
1651 2502 1707 2536 ihr
1721 2502 1890 2538 Beistand
1905 2501 2039 2546 16161611,

510 2548 560 2581 sie
586 2550 824 2582 unterstiitzen
851 2548 921 2581 und
947 2547 1116 2582 schirmen
1142 2547 1215 2582 soll.
1263 2548 1335 2581 Das
1359 2548 1440 2582 Bild
1469 2549 1532 2582 soll
1558 2548 1724 2582 zuniichst
1746 2548 1801 2583 die
1825 2549 2041 2593 notwendige

504 2594 690 2628 Harmonie
718 2594 835 2628 beider
860 2593 1036 2628 Gewalten
1060 2594 1281 2628 ausdriicken‘
1286 2594 1321 2638 ‘.)
1348 2613 1390 2618 —
1415 2594 1476 2628 Ich
1500 2595 1561 2638 fug
1539 2606 1579 2628 tre
1603 2594 1723 2630 hieran
1747 2595 1822 2630 eine
1845 2594 1951 2630 816116
1975 2606 2037 2630 6116

505 2641 581 2674 (10111
598 2640 830 2684 Polycraticus
846 2640 920 2683 (IV,
945 2651 973 2674 c.
991 2641 1026 2682 3)
1051 2640 1110 2674 (166
1127 2640 1330 2674 beriihmten
1347 2640 1587 2687 Zeitgenossen
1602 2640 1778 2675 Friedrich
1796 2641 2036 2684 Barbarossas‚

504 2686 641 2720 soh-mn
667 2698 695 2721 v.
721 2686 917 2730 Salisbury:
957 2686 1104 2728 „Hunc
1137 2697 1240 2729 ergo
1272 2686 1468 2730 gladium
1495 2689 1554 2724 (60.
1581 2687 1802 2733 saecularem)
1831 2687 1882 2722 de
1906 2698 2038 2722 manu

504 2744 549 2766 c(
558 2733 621 2766 01(
630 2733 723 2766 6166
761 2733 934 2775 aciipit
970 2733 1198 2775 princeps,
1236 2743 1339 2777 quum
1370 2733 1445 2777 ipsa
1476 2734 1591 2767 tamen
1626 2733 1781 2776 gladium
1812 2733 2037 2778 sanguineum

503 2778 638 2813 omuino
671 2790 738 2812 non
770 2778 906 2812 habeat.
955 2778 1073 2812 Habet
1104 2781 1219 2812 tamen
1252 2780 1287 2812 et
1320 2779 1444 2820 istum,
1477 2779 1537 2812 sed
1567 2791 1605 2813 eo
1635 2779 1747 2814 utitur
1782 2790 1842 2824 per
1873 2779 2036 2832 principis

504 2835 653 2868 manum,
679 2825 733 2859 cui
758 2824 1015 2860 coercendorum
1040 2835 1216 2870 corporum
1239 2825 1386 2859 contulit
1409 2826 1626 2870 potestatem,
1652 2825 1884 2870 spiritualium
1909 2825 1975 2861 sibi
1999 2825 2035 2860 in
2095 2842 2098 2843 ⁷
