2098 3432
452 334 534 374 258

566 443 717 478 Annales
734 443 848 479 Colon.
866 454 955 479 max.
974 444 1018 478 ad
1044 456 1170 479 annum
1191 448 1297 481 1179:
1322 446 1543 491 (Imperatori
1560 447 1690 481 curiam
1712 447 1750 482 in
1773 449 1894 482 octava
1919 439 2049 495 epi-15}

452 489 599 534 phaniae
623 489 891 524 Wormaciae
908 490 1040 525 ,habuit
1064 502 1123 535 pro
1148 492 1304 536 predicta
1328 492 1537 526 dissensione
1562 492 1771 528 Coloniensis
1789 494 1937 540 episcopi
1950 496 2006 535 ek<
2031 501 2033 504 '

453 535 549 569 ducis
585 537 620 569 et
655 535 847 580 principum
883 536 1100 570 orientalium
1134 537 1318 579 Saxonum,
1354 538 1412 582 qui
1445 549 1559 572 omnes
1590 539 1764 573 iusticiam
1792 539 1835 574 de
1859 539 1989 577 ducet
2011 539 2051 571 *Γ

452 581 572 616 Cesare
597 581 837 625 implorabant,
862 593 938 615 cum
963 582 1020 616 ille
1045 584 1160 617 tamen
1187 584 1310 618 absens
1333 586 1425 618 esset
1450 612 1457 619 .
1477 611 1484 618 .
1502 610 1510 618 .
1547 583 1650 618 Curia
1675 585 1766 630 apud
1788 585 1987 630 Magoniq-

451 628 560 670 burg
584 627 669 660 satis
695 628 855 661 celebris:
893 627 1112 669 Querimonia
1144 629 1294 663 omnium
1327 641 1410 674 pene
1434 629 1625 674 principum
1649 631 1698 665 ibi
1721 631 1844 666 habita
1866 633 1923 667 est
1942 630 1987 669 (b

453 673 536 706 duce
562 672 742 713 Saxonum,
769 674 827 717 qui
852 674 922 707 iam
946 685 1006 718 per
1031 685 1157 708 annum
1183 675 1227 709 ad
1252 675 1463 710 audientiam
1488 678 1628 710 vocatus
1654 676 1767 711 venire
1791 679 1854 711 aut
1875 672 1989 718 noluit
2041 692 2080 700 ¹·-

453 721 514 752 ant
537 719 665 761 timuit,
692 719 806 763 ibique
830 720 958 753 fraus
984 720 1051 753 eiu
1065 731 1080 754 s
1105 723 1149 754 et
1173 722 1284 765 persi
1296 721 1371 755 dia
1394 721 1541 766 primum
1557 722 1755 767 imperatori
1771 722 1907 758 detecta
1922 724 1985 762 ecia

451 765 523 798 Nec
560 765 668 798 multo
704 767 782 809 post
817 765 989 810 expedicio
1025 766 1060 799 in
1093 766 1275 800 Saxoniam
1311 767 1353 800 ab
1387 767 1591 812 imperatore
1623 770 1659 802 et
1689 768 1796 813 princi
1823 769 1899 804 ibus
1922 769 1989 809 co}-
2042 779 2062 811 ἢ

451 811 623 845 laudatur.
642 831 680 835 —
697 811 752 844 Ad
770 822 896 844 annum
925 814 1029 846 1180:
1055 812 1096 846 In
1111 813 1224 846 media
1249 813 1512 857 quadragesima
1529 814 1659 848 curiam
1675 814 1767 860 apud
1816 814 1988 854 elinhuein
2015 846 2018 848 ,

451 856 584 891 habuit.
632 857 686 890 Ibi
722 857 894 890 sententia
921 858 1030 902 ipsius
1066 857 1200 892 Cesaris
1235 861 1270 892 et
1302 859 1429 893 iudicio
1461 861 1660 894 cunctorum
1694 860 1888 905 principum
1916 860 1988 897 dux
2041 871 2090 908 ¹⁸²2-

452 902 616 936 Saxoniae
643 902 771 936 ducatu
797 914 856 936 suo
879 903 1046 948 privatur,
1071 906 1106 938 et
1131 915 1271 938 assensu
1297 907 1495 939 cunctorum
1519 906 1697 950 episcopus
1720 905 1930 942 Coloniensis
1950 906 1988 945 in

452 959 532 982 sua
557 949 728 982 diocesi
753 951 799 983 et
822 960 900 993 per
923 961 1086 983 omnem
1113 950 1385 985 westfaliam
1410 953 1454 985 et
1477 951 1684 994 Angriam
1708 951 1819 986 eidem
1849 952 1988 989 ducatui

451 994 632 1074 ffeficlitulri:
640 1009 647 1036 ;
675 995 818 1074 lpeliqiga
855 996 970 1029 autem
1006 1006 1087 1040 pars
1119 1007 1178 1040 per
1215 1007 1347 1031 omnem
1379 996 1560 1031 Saxoniam
1598 998 1715 1032 comiti
1747 997 1923 1034 Bemardo
1947 999 1990 1035 de

488 1051 600 1074 anaia
655 1051 674 1074 o
701 1052 803 1075 vem.

566 1097 757 1132 Annales
792 1098 1209 1143 Erphesfurdenses
1250 1099 1312 1142 (Μ.
1350 1099 1391 1135 G.
1418 1099 1477 1135 SS.
1502 1100 1606 1143 XVI,
1639 1103 1682 1136 24
1707 1101 1750 1142 f.)
1785 1101 1830 1135 ad
1862 1111 1988 1137 annum

455 1146 559 1178 1180:
597 1143 806 1188 Imperatore
843 1145 973 1178 curiam
1010 1156 1107 1179 suam
1144 1146 1234 1180 circa
1269 1146 1488 1191 epiphaniam
1513 1147 1651 1181 Domini
1677 1147 1768 1192 apud
1792 1147 1990 1182 wirceburc

451 1189 610 1232 habente,
634 1190 828 1231 Heinricus,
854 1190 1024 1224 Saxonum
1049 1202 1089 1225 ac
1113 1190 1315 1226 Noricorum
1340 1191 1505 1226 hactenus
1531 1193 1659 1227 ducatu
1682 1195 1803 1238 potens
1827 1195 1864 1228 et
1885 1193 1990 1229 famo·

452 1236 609 1269 sissimus
634 1236 724 1270 inter
738 1237 834 1280 regni
858 1237 1032 1281 primates,
1059 1237 1274 1271 evidentibus
1301 1237 1439 1272 indiciis
1462 1239 1608 1273 Romani
1633 1239 1772 1283 agnitus
1795 1239 1906 1274 hostis
1928 1239 1991 1275 im-

451 1282 548 1326 perii,
573 1282 780 1326 presentiam
805 1282 858 1316 sui
883 1283 998 1326 regiae
1022 1283 1197 1317 maiestati
1221 1284 1290 1318 iam
1316 1284 1375 1318 diu
1401 1284 1550 1319 animose
1574 1285 1791 1328 subtrahens,
1816 1285 1912 1320 velut
1925 1285 1990 1321 im-

450 1328 576 1372 probus
610 1328 797 1362 multarum
828 1329 964 1362 invasor
994 1329 1212 1363 ecclesiarum
1242 1332 1278 1364 et
1307 1330 1476 1364 violentus
1510 1331 1635 1376 ubique
1659 1342 1836 1376 oppressor
1860 1331 1990 1367 Christi

451 1384 639 1418 pauperum
676 1385 714 1407 ex
751 1374 923 1408 sententia
958 1375 1174 1419 imperatoris
1209 1378 1245 1410 et
1277 1376 1431 1410 unanimi
1464 1387 1629 1411 consensu
1661 1377 1894 1423 episcoporum
1930 1387 1990 1413 seu

451 1419 642 1464 principum
679 1420 750 1454 suis
786 1421 943 1454 omnibus
979 1421 1171 1463 abdicatus,
1208 1421 1340 1456 cunctis
1378 1423 1631 1468 persequendus
1667 1423 1911 1468 proscribitur,
1954 1425 1991 1459 et

451 1466 617 1500 Saxoniae
650 1466 797 1500 ducatus
827 1466 937 1500 eidem
962 1467 1147 1500 secundum
1173 1479 1349 1502 censuram
1373 1469 1583 1513 presencium
1609 1469 1758 1512 ablatus,
1791 1469 1991 1504 Bernhardo

452 1512 571 1546 comiti
595 1512 631 1546 in
655 1513 828 1557 presentia
853 1513 1049 1546 solemniter
1074 1513 1257 1548 addicitur.
1298 1514 1382 1558 (Der
1399 1514 1541 1549 Bericht
1563 1515 1694 1550 basiert
1709 1515 1990 1551 wahrscheinlich

452 1558 514 1591 auf
534 1569 674 1592 unserer
697 1558 888 1602 Urkunde.)

567 1615 718 1649 Annales
742 1615 1058 1660 Magdeburgenses
1085 1617 1145 1661 (M.
1172 1616 1213 1652 G.
1239 1617 1297 1652 SS.
1323 1618 1416 1660 XVI,
1445 1618 1524 1662 194)
1550 1619 1594 1653 ad
1619 1629 1745 1653 annum
1773 1621 1880 1654 1180:
1912 1618 1991 1654 Dux

451 1661 634 1695 Heinricus
661 1662 703 1695 ab
728 1661 933 1706 imperatore
958 1663 1002 1696 ad
1023 1663 1152 1697 curiam
1162 1663 1353 1697 Wirciburc
1377 1666 1516 1698 vocatus
1541 1667 1577 1699 et
1600 1665 1713 1699 venire
1737 1666 1989 1719 contempnens²

451 1718 491 1741 ex
517 1707 688 1741 sententia
712 1708 903 1753 principum
928 1719 1005 1743 reus
1030 1709 1222 1743 maiestatis
1256 1711 1292 1744 et
1315 1709 1442 1754 privari
1465 1710 1638 1745 beneficiis
1664 1710 1903 1754 adiudicatum
1935 1720 1991 1746 cm

451 1753 674 1787 Bernhardus
699 1765 810 1788 comes
834 1754 870 1788 in
896 1754 1023 1788 ducatu
1049 1755 1193 1790 Saxonie
1218 1755 1452 1791 substituitur.

568 1811 758 1846 Chronicon
782 1811 900 1856 Magni
929 1812 1126 1856 Presbyteri
1159 1813 1203 1847 ad
1228 1824 1354 1847 annum
1382 1816 1469 1848 1180
1504 1814 1565 1857 (Μ.
1592 1812 1632 1849 G.
1659 1813 1718 1849 SS.
1742 1813 1855 1858 XVII,
1891 1813 1990 1858 506):

451 1857 642 1902 Imperator
673 1858 801 1891 curiam
835 1858 1020 1892 celebravit
1043 1858 1231 1903 Ratispone
1257 1863 1289 1894 3.
1315 1858 1391 1894 Kal.
1417 1859 1502 1894 Julii
1529 1887 1536 1895 .
1562 1887 1570 1895 .
1596 1885 1604 1893 .
1652 1860 1828 1906 Principes
1859 1868 1992 1906 quoque

452 1903 618 1937 Saxoniae
642 1903 771 1938 multas
795 1915 916 1948 graves
942 1904 1170 1949 querimonias
1196 1905 1359 1939 adversus
1383 1905 1527 1940 eundem
1549 1906 1666 1940 ducem
1686 1906 1735 1940 ibi
1752 1906 1990 1952 deposuerunt.

453 1949 582 1983 Tamen
608 1949 777 1984 communi
803 1950 974 1984 sententia
998 1950 1188 1995 principum
1216 1951 1451 1986 adiudicatum
1475 1954 1539 1995 est,
1569 1963 1646 1986 eum
1671 1951 1792 1986 debere
1815 1951 1990 1995 removeri,

452 1995 730 2040 quandoquidem
755 1996 799 2030 ad
824 1996 951 2030 iustam
975 1997 1228 2041 responsionem
1253 1999 1392 2031 vocatus
1418 2009 1485 2032 non
1508 1998 1648 2033 venerit.

566 2052 786 2087 Continuatio
811 2052 1040 2087 Sanblasiana
1071 2054 1132 2097 (M.
1159 2053 1200 2088 G.
1227 2053 1285 2089 SS.
1310 2055 1386 2096 XX,
1420 2057 1503 2098 316)
1536 2055 1580 2090 ad
1605 2067 1731 2090 annum
1757 2057 1864 2091 1177:
1911 2054 1992 2098 (Im-

451 2100 602 2143 perator)
634 2109 795 2133 memor
829 2101 1114 2144 contemptus
1147 2111 1168 2134 a
1201 2100 1308 2134 duce
1341 2100 1559 2136 Heinrico
1591 2101 1707 2145 apud
1731 2101 1993 2137 clavennam

452 2144 542 2178 sibi
567 2144 783 2187 exhibiti,
820 2145 856 2179 in
881 2145 994 2190 ipsum
1019 2145 1314 2180 vehementissime
1339 2147 1468 2181 exarsit
1491 2149 1537 2189 et,
1562 2147 1653 2192 quod
1676 2147 1810 2182 Italicis
1833 2147 1993 2182 hostibus

451 2190 635 2235 reipublice
660 2193 780 2224 contra
804 2191 985 2236 imperium
1008 2192 1148 2234 faveret,
1174 2193 1340 2226 universis
1364 2193 1576 2238 principibus
1601 2193 1830 2239 conqueritur.
1882 2193 1992 2228 Data·

452 2247 516 2280 que
547 2236 578 2270 ei
614 2237 709 2270 curia
741 2237 832 2281 apud
857 2237 1023 2271 Ulmam
1054 2237 1167 2282 ipsum
1199 2238 1244 2271 ad
1276 2238 1442 2273 iudicium
1470 2240 1684 2274 subeundum
1707 2238 1877 2283 imperiali
1899 2249 1992 2274 more

451 2282 581 2318 citavit.
663 2293 704 2316 uo
729 2294 796 2316 non
812 2283 977 2323 veniente,
1003 2284 1132 2318 curiam
1151 2284 1217 2318 sibi
1235 2284 1418 2318 secundam
1434 2285 1594 2330 Ratisp
1609 2297 1687 2320 one
1711 2285 1864 2330 prefixit3
1889 2295 1992 2331 quam

451 2328 547 2372 parvi
571 2339 635 2373 pen
662 2339 732 2370 ens,
758 2329 898 2363 tertiam
922 2329 1048 2364 nichilo
1073 2330 1185 2364 minus
1211 2331 1303 2375 apud
1329 2330 1543 2376 Herbipolim
1568 2331 1634 2366 sibi
1658 2332 1777 2366 datam
1800 2330 1994 2376 supersedit

452 2374 567 2418 ibique
591 2375 764 2408 sententia
788 2375 980 2419 principum
1005 2375 1133 2410 ducatu
1157 2376 1282 2410 Norico
1313 2387 1390 2411 cum
1415 2377 1578 2412 Saxonieo
1611 2379 1647 2412 et
1675 2377 1767 2412 omni
1798 2377 1991 2421 prediorum

451 2422 486 2454 et
509 2420 748 2454 beneficiorum
773 2421 996 2466 possessione,
1021 2422 1191 2456 feodali
1214 2433 1325 2467 pena
1349 2423 1528 2466 multatus,
1553 2424 1718 2467 privatur.

566 2477 755 2512 Chronicon
787 2478 916 2512 Montis
949 2478 1066 2513 Sereni
1101 2479 1161 2523 (M.
1197 2478 1238 2514 G.
1272 2479 1330 2514 SS.
1364 2480 1496 2522 XXHI,
1538 2482 1616 2523 157)
1649 2480 1695 2515 ad
1726 2491 1854 2515 annum
1880 2483 1989 2516 1¹80:

451 2523 644 2568 Imperator
668 2524 704 2558 in
729 2526 851 2558 octava
875 2525 1056 2569 epiphanie
1080 2525 1278 2570 Herbipolis
1302 2526 1432 2560 curiam
1457 2526 1654 2570 celebravit,
1691 2526 1737 2568 ad
1761 2537 1865 2572 quam
1887 2525 1992 2560 Hein-

452 2570 542 2603 ricus
576 2570 644 2604 dux
679 2570 785 2604 tercio
818 2573 957 2604 vocatus
991 2571 1104 2605 venire
1135 2571 1283 2606 rennuit.
1333 2571 1559 2613 Quamobrem
1583 2583 1623 2607 ex
1648 2573 1820 2607 sententia
1843 2571 1993 2607 omnium

451 2616 643 2661 principum
676 2627 753 2650 reus
783 2617 978 2651 maiestatis
1004 2617 1210 2662 dampnatus
1235 2619 1288 2652 est
1313 2618 1489 2663 omnisque
1513 2618 1544 2652 ei
1568 2618 1778 2653 hereditaria
1800 2618 1992 2672 proprietas

452 2664 488 2695 et
511 2661 728 2696 beneficiaria
751 2663 919 2707 possessio
944 2663 1143 2697 abiudicata
1167 2665 1229 2698 est.
1269 2663 1402 2698 Horum
1427 2675 1503 2698 vero
1529 2665 1695 2699 malorum
1711 2675 1816 2699 causa
1829 2664 1899 2699 fmt
1914 2663 1992 2698 duci

452 2708 611 2752 superbia
634 2708 645 2742 i
672 2708 752 2744 sius.
802 2708 915 2752 (Wird
940 2709 995 2743 die
1010 2709 1274 2754 Verweigerung
1290 2709 1350 2744 der
1365 2710 1668 2744 Reichsheerfahrt
1691 2710 1824 2745 erzahlt
1846 2721 1880 2746 u.
1903 2709 1992 2744 nach

452 2754 653 2788 Partenkirc
679 2765 720 2788 en
754 2755 908 2798 verlegt).
966 2754 1064 2796 Quod
1103 2756 1233 2789 factum
1270 2756 1486 2800 imperatoris
1521 2756 1552 2790 ei
1581 2756 1696 2790 odium
1729 2756 1921 2802 acquisivit,
1957 2757 1994 2790 et

452 2802 567 2834 utrum
592 2800 682 2834 iuste
707 2811 751 2834 an
776 2800 913 2843 iniuste,
937 2801 1045 2835 lector
1067 2801 1207 2836 iudicet.
1250 2802 1370 2836 Preter
1392 2802 1455 2836 hec
1479 2804 1594 2836 autem
1618 2802 1764 2836 inductu
1787 2802 1861 2837 eius
1878 2801 1990 2836 Sclavi

452 2846 659 2890 provinciam
684 2845 832 2880 Tiderici
855 2847 1063 2881 marchionis
1090 2847 1247 2891 ingressi,
1272 2859 1379 2892 usque
1402 2848 1514 2882 Lubin
1537 2848 1652 2882 omnia
1675 2849 1897 2883 vastavenmt
1912 2875 1921 2884 .
1946 2873 1955 2883 .
1981 2873 1990 2882 .

450 2891 565 2926 Huius
589 2892 707 2937 itaque
732 2892 881 2927 vulneris
906 2893 1020 2927 dolore
1043 2893 1195 2928 marchio
1216 2894 1428 2937 stimulatus,
1446 2893 1578 2937 ducem,
1602 2896 1780 2939 tamquam
1797 2894 1856 2939 qui
1873 2895 1991 2929 eontra

2084 3128 2091 3135 ι
2090 3098 2093 3099 ,
2091 3074 2094 3076 ,
2091 3052 2095 3054 .
2080 3018 2096 3035 a
2077 2926 2098 2987 »μμ
2071 2581 2098 2915 1-n⁴;2w.-v1·.0·,..m²-
2075 2613 2080 2620 ·
2069 2474 2098 2597 asem
2075 2336 2098 2474 mm
2078 2357 2084 2360 ·
2071 2197 2098 2334 raa-azan.
2065 1743 2098 2196 &scamma
2079 1525 2097 1703 l
2081 1502 2083 1507 Α
2094 1484 2095 1487 „
2081 1459 2087 1467 -
2059 1358 2095 1442 ⁵
2076 1308 2090 1326 υ
2063 1247 2089 1272 '--
2064 1082 2076 1101 '·
2078 864 2087 871 *
2074 807 2096 842 .;,’
2071 730 2075 737 '
2065 619 2069 622 '
