2098 3432
15 1534 20 1539 ,.
27 1487 50 1516 Π
26 1430 30 1446 ,,

1673 263 1726 303 77

154 378 304 422 sentire
315 410 324 428 ,
353 377 415 420 illi
445 389 594 419 causae
625 377 810 417 vestrum
841 376 1021 418 favorem
1054 375 1310 429 impenditis,
1350 376 1415 417 cui
1447 378 1489 417 et
1519 375 1733 417 aecclesia-

154 436 280 480 sticae
311 434 535 476 auctoritas
567 433 872 476 constitutionis
905 436 946 475 et
977 445 1178 488 supernae
1200 433 1425 475 voluntatis
1458 446 1629 475 examen
1659 446 1732 487 pro

150 495 260 537 certo
291 492 472 540 creditur
509 491 684 533 obviare.
745 490 868 533 Cum
907 490 1044 533 enim
1084 491 1487 532 translationes
1526 491 1732 544 episco—

188 563 332 594 orum
368 549 482 591 sine
519 548 842 590 manifestae
883 547 1156 590 utilitatis
1189 550 1239 589 et
1268 548 1622 590 necessitatis
1652 548 1732 588 in-

149 563 284 651 gieio
341 606 552 648 divinae
606 606 742 659 legis
795 607 1073 648 oraculum
1115 605 1240 646 11011
1284 619 1384 647 non
1428 605 1731 660 permittat,

150 677 264 709 cum
295 664 459 707 etiam
489 664 659 705 multo
691 664 918 718 amplior
949 675 1102 717 quam
1133 663 1180 703 in
1214 663 1336 704 aliis
1368 663 1446 704 ele
1461 664 1528 704 cti
1542 663 1730 704 onibus

149 722 280 766 cleri
318 723 367 764 et
404 721 590 776 populi
632 733 719 762 eas
758 721 952 762 debeat
991 719 1266 775 prevenire
1298 720 1585 762 concordia
1595 721 1648 774 ‚*)
1689 721 1729 761 in

147 779 337 823 facienda
356 778 627 821 translatione
649 778 698 819 de
716 778 938 820 venerabili
959 778 1086 819 fratre
1102 779 1243 819 nostro
1262 777 1550 841 C(uicmanno)
1570 777 1729 820 Cicensi

151 837 338 893 episcopo
359 836 486 878 nichil
507 836 656 878 horum
679 839 743 877 est
774 838 838 877 set
868 836 982 877 solus
1013 835 1127 877 favor
1157 835 1352 889 principis
1384 838 1657 889 exspectatus,
1689 840 1730 876 et

149 907 227 938 1100
262 895 450 950 inspecta
478 894 726 935 necessitate
758 893 869 935 illius
902 893 1121 934 aecclesiae
1152 905 1229 934 nec
1259 892 1517 934 considerata
1547 893 1730 934 utilitate

147 965 368 1008 personae,
409 952 516 994 clero
552 951 739 1001 nolente,
778 951 906 992 immo
943 952 992 992 ut
1031 950 1183 991 dicitur
1221 962 1268 991 ex
1303 950 1485 991 maxima
1520 954 1635 1004 parte
1666 964 1686 991 1·
1689 963 1729 992 e-

151 1010 356 1052 013103010
366 1042 376 1060 ,
411 1009 454 1050 111
492 1008 869 1062 Madeburgensem
909 1021 1005 1050 eum
1046 1007 1181 1049 dicitis
1224 1008 1464 1049 aecclesiam
1495 1009 1534 1048 t1
1537 1008 1729 1062 3118111311-

106 1089 112 1092 ·
150 1067 339 1110 tandum.
399 1066 535 1121 Super
566 1079 646 1120 quo
677 1068 794 1107 tanto
826 1066 1004 1120 amplius
1036 1067 1320 1114 ammiianiur,
1358 1067 1524 1118 quanto,
1555 1078 1731 1119 persona

152 1125 226 1167 illa
269 1125 387 1167 cuius
418 1124 634 1178 gravitatis
666 1123 720 1165 sit
751 1125 876 1176 atque
909 1123 1125 1172 scientiae,
1167 1123 1218 1164 ab
1251 1123 1453 1164 anteactis
1486 1123 1730 1176 agnovimus

151 1195 199 1225 ac
226 1181 419 1238 perinde,
459 1183 665 1235 quantum
697 1181 917 1222 aecclesiae
948 1180 1007 1222 illi
1048 1181 1101 1222 sit
1132 1180 1266 1230 utilis,
1304 1193 1387 1222 non
1417 1180 1583 1235 penitus
1616 1181 1731 1234 igno-

151 1252 306 1282 ramus.
366 1238 573 1291 Quoniam
617 1238 769 1292 igitur‚
815 1238 1067 1292 quicumque
1113 1238 1353 1292 temporalis
1400 1250 1524 1279 aurae
1560 1238 1728 1280 flatibus

153 1297 384 1352 agitentur,
424 1309 517 1347 1108,
547 1297 590 1338 111
621 1296 733 1338 1111118
764 1298 880 1351 petre
913 1295 1121 1337 soliditate
1152 1295 1335 1345 fundati,
1373 1308 1478 1348 quae
1509 1295 1550 1336 in
1581 1295 1729 1337 funda-

147 1357 288 1397 mento
332 1354 487 1397 meruit
526 1354 746 1396 aecclesiae
787 1353 996 1403 collocari,
1043 1353 1152 1395 sicut
1188 1366 1270 1394 non
1312 1353 1510 1394 debemus
1556 1353 1615 1394 ita
1653 1366 1730 1395 nec

152 1413 344 1456 volumus
403 1412 515 1454 omni
571 1414 694 1453 vento
755 1411 1010 1452 circumferri
1061 1411 1270 1452 doctrinae
1322 1413 1395 1451 aut
1446 1423 1469 1452 a
1519 1423 1732 1452 sacrorum

150 1482 355 1513 canonum
384 1469 633 1511 rectitudine
664 1469 850 1523 impulsu
881 1469 1019 1522 aliquo
1051 1468 1233 1518 deviare,
1274 1481 1347 1523 per
1377 1468 1587 1522 presentia
1617 1468 1731 1510 vobis

149 1527 304 1583 scripta
347 1527 618 1576 mandamus,
664 1529 871 1580 quatenus
910 1539 1060 1568 causae
1100 1525 1171 1568 isti
1211 1525 1394 1568 favorem
1433 1526 1607 1567 ulterius
1647 1539 1728 1568 non

149 1585 357 1640 prestet1s,
389 1586 431 1627 et
462 1584 571 1639 apud
601 1584 868 1626 karissimum
898 1584 1031 1624 filium
1060 1586 1251 1625 nostrum
1271 1583 1571 1637 Fffidericum),
1602 1596 1726 1637 quem

146 1641 263 1685 Deus
293 1643 371 1685 hoc
400 1645 585 1697 tempore
616 1655 689 1696 pro
713 1642 915 1683 servanda
935 1641 1128 1683 libertate
1151 1642 1370 1683 aecclesiae
1391 1641 1433 1682 in
1456 1642 1724 1682 eminentiam

147 1701 266 1755 regni
297 1700 448 1750 evexit,
479 1699 638 1741 efficere
669 1699 816 1741 vestris
849 1699 1199 1741 exhortationibus
1232 1699 1455 1748 studeatis,
1487 1702 1534 1739 ut
1565 1700 1606 1740 et
1635 1699 1723 1753 ipse

155 1769 181 1800 a
219 1770 296 1800 sua
334 1770 458 1812 super
494 1757 578 1799 hoc
611 1757 839 1799 intentione
880 1757 1057 1798 desistat
1099 1758 1140 1797 et
1171 1759 1313 1797 contra
1343 1756 1480 1798 Deum
1511 1759 1552 1798 et
1582 1759 1724 1798 contra

153 1827 291 1858 830108
336 1815 519 1864 ordines,
564 1817 708 1856 contra
750 1815 886 1869 regiae
927 1814 1141 1868 dignitatis
1182 1814 1361 1855 officium
1402 1813 1534 1855 eidem
1575 1827 1723 1856 causae

147 1871 330 1915 favorem
371 1885 495 1915 suum
533 1885 614 1914 non
650 1873 824 1914 ulterius
866 1872 1100 1927 impendat,
1147 1874 1210 1918 set
1247 1872 1466 1913 aecclesiae
1503 1872 1724 1913 1113ᾶο1101-

149 1930 277 1984 gensi,
309 1930 416 1972 sicut
447 1931 488 1971 et
519 1929 608 1971 aliis
641 1930 848 1972 aecclesiis
876 1930 994 1983 regni
1025 1942 1049 1970 a
1073 1929 1160 1971 Deo
1193 1929 1269 1971 sibi
1300 1929 1520 1979 commissi,
1549 1929 1723 1970 liberam

149 1987 392 2030 facultatem
423 2000 546 2041 quem
577 1988 752 2029 voluerit
783 1987 1011 2029 secundum
1040 1987 1177 2028 Deum
1209 1987 1384 2040 eligendi
1415 1987 1642 2040 relinquat,
1682 1989 1723 2028 et

149 2045 392 2088 electionem
420 2045 557 2099 ipsam
587 2045 853 2099 postmodum
883 2045 1020 2086 favore
1052 2057 1146 2093 suo,
1177 2044 1285 2086 sicut
1315 2044 1431 2086 decet
1461 2045 1723 2086 maiestatem

144 2102 320 2157 regiam,
358 2104 644 2157 prosequatur.
703 2103 790 2144 Nos
821 2115 936 2152 vero,
977 2102 1032 2152 si,
1073 2102 1180 2155 quod
1222 2102 1272 2143 de
1303 2114 1429 2156 supra
1459 2102 1566 2144 dicto
1596 2102 1722 2144 fratre

149 2161 290 2202 nostro
319 2159 453 2202 130010
473 2160 632 2210 nititur,
662 2160 897 2202 videremus
927 2160 1085 2201 ratione
1116 2159 1262 2210 fulciri,
1292 2172 1368 2201 nec
1397 2160 1601 2201 voluntati
1634 2160 1721 2201 eius

143 2230 220 2260 nec
238 2217 511 2272 postulationi
531 2220 694 2259 vestrae
716 2218 960 2260 duceremus
983 2217 1246 2270 aliquatenus
1276 2217 1548 2266 obviandum;
1581 2220 1722 2276 contra

146 2273 286 2317 Deum
336 2277 477 2317 autem
527 2277 570 2316 et
619 2288 830 2317 sacrorum
874 2288 1080 2317 canonum
1126 2275 1359 2318 sanctiones
1404 2275 1508 2316 nulli
1555 2271 1720 2317 omnino

151 2332 346 2432 geticioni
392 2345 612 2387 possumus
655 2333 826 2388 prebere
872 2345 1130 2375 consensum.
1189 2332 1301 2373 Data
1333 2332 1498 2385 Signiae
1540 2334 1590 2373 16
1628 2333 1720 2374 Kal.

182 2390 488 2445 eptembris.**)

262 2532 292 2572 *)
319 2531 422 2566 Diese
448 2531 556 2567 stelle
589 2532 638 2566 ist
670 2532 725 2566 ein
751 2532 861 2576 Beleg
890 2532 947 2566 fiir
979 2531 1034 2565 die
1070 2531 1105 2564 in
1132 2531 1193 2565 der
1217 2530 1524 2575 vorausgehenden
1551 2530 1721 2564 Nummer

145 2579 322 2614 erwiihnte
348 2578 499 2613 Ansicht
525 2578 586 2613 des
610 2579 804 2614 Hinschius
830 2580 916 2613 iiber
942 2579 1005 2612 das
1026 2578 1218 2612 Verhalten
1243 2578 1351 2612 Rome
1376 2589 1418 2612 zu
1442 2577 1720 2612 Translationen.

145 2625 199 2670 **)
222 2619 318 2661 Uber
352 2625 419 2660 den
443 2626 615 2670 Ausgang
645 2626 705 2661 des
731 2626 990 2671 Magdeburger
1017 2625 1320 2660 Bischossstreites
1347 2625 1494 2659 handelt
1519 2623 1604 2659 Otto
1630 2624 1718 2659 Fris.

144 2671 253 2709 Gesta
269 2673 317 2716 ΙΙ,
343 2675 455 2708 0.10.·
480 2672 531 2707 Ea
549 2675 760 2719 tempestate
777 2673 956 2718 Eugenius
971 2683 1074 2719 papa,
1102 2673 1153 2706 vir
1172 2673 1287 2707 iustus
1305 2675 1341 2706 et
1366 2672 1532 2716 religione
1557 2671 1719 2716 insignis,

143 2720 187 2755 ab
212 2720 279 2755 hac
303 2702 379 2755 1000
414 2720 610 2763 transiens,
645 2720 855 2763 Anastasio,
880 2720 1014 2755 homini
1040 2722 1201 2754 veterano
1227 2722 1263 2754 et
1287 2720 1324 2753 in
1350 2719 1599 2754 consuetudine
1624 2719 1719 2753 illius

143 2767 259 2802 euriae
273 2767 472 2810 exercitato,
497 2767 613 2802 sedem
630 2768 782 2813 reliquit
810 2768 842 2802 A
856 2779 923 2813 quo
940 2768 1026 2801 dum
1037 2766 1227 2801 cardinalis
1240 2767 1383 2812 quidam
1398 2765 1568 2801 Girardus
1582 2766 1720 2800 nomine

143 2810 189 2849 ad
213 2814 472 2850 terminandam
496 2814 812 2860 Magdeburgensis
838 2815 940 2849 electi
965 2824 1106 2848 causam
1139 2814 1267 2848 missus
1304 2814 1429 2848 fuisset
1463 2824 1503 2847 ac
1527 2811 1718 2858 principem

142 2861 180 2896 in
208 2861 328 2896 eadem
354 2861 496 2896 civitate
522 2862 640 2896 natale
657 2862 799 2896 Domini
826 2862 1058 2896 celebrantem
1085 2860 1228 2903 adisset,
1255 2872 1331 2895 cum
1349 2860 1520 2905 quaedam
1546 2860 1594 2894 ibi
1622 2871 1719 2894 secus

145 2908 255 2954 ipsius
280 2909 404 2942 nutum
432 2910 586 2942 tractare
611 2909 742 2952 vellet,
768 2908 1049 2953 indignationem
1075 2907 1149 2941 eius
1175 2908 1372 2950 incurrens,
1406 2907 1544 2941 infectis
1569 2907 1720 2951 negotiis
