2098 3432
445 268 527 310 104

443 392 604 420 summo
625 380 821 428 Pontifici,
850 379 1061 423 karissimo
1083 382 1244 424 domino
1266 383 1307 423 et
1326 383 1431 436 patri
1452 396 1525 424 suo
1554 385 1782 436 reverendo,
1813 386 1980 439 eiusque

444 436 741 476 successoribus
756 437 986 478 Willelmus
1008 438 1149 478 eadem
1169 439 1301 490 gratia
1320 451 1389 479 rex
1406 439 1574 489 Siciliae,
1597 440 1789 492 [ducatus
1809 443 1979 496 Apuliae

443 492 484 531 et
516 491 764 544 principatus
796 492 1026 545 CapuaeP).

555 547 728 587 Nostrae
767 560 926 601 semper
964 550 1266 590 consuetudinis
1301 550 1452 599 extitit,
1491 551 1694 603 [animum
1722 555 1909 595 nostrum
1936 554 1978 595 in

443 602 659 655 triumphis
690 604 731 643 et
750 604 936 644 maximis
957 605 1170 645 humiliare
1202 605 1453 646 successibus
1484 607 1524 646 et
1553 609 1652 648 tunc
1679 621 1752 650 nos
1783 609 1978 651 attentius

443 658 493 698 ad
514 658 800 711 omnipotentis
820 660 895 700 Dei
916 661 1155 712 obsequium
1176 663 1216 701 et
1236 662 1391 702 cultum
1420 663 1744 705 mansuetudinis
1774 677 1980 718 exponere,

442 726 535 754 cum
557 714 605 754 ad
626 715 820 755 maiorem
848 716 1158 769 prosperitatem
1188 719 1229 757 et
1258 717 1427 769 gloriam
1455 730 1529 759 nos
1559 718 1733 761 vidimus
1761 721 1978 774 pervenire,

442 770 543 810 tales
564 770 605 810 in
627 771 857 822 tranquillis
880 773 920 812 et
950 773 1150 825 prosperis
1180 774 1301 814 rebus
1332 785 1427 825 erga
1458 774 1586 815 nostri
1615 775 1880 829 redemptoris
1909 777 1978 818 ob-

442 826 630 878 sequium
650 826 819 866 inveniri
842 828 1033 876 volentes,
1063 830 1110 868 ut
1139 831 1420 882 perceptorum
1450 842 1474 870 a
1501 842 1594 882 rege
1624 831 1806 873 omnium
1834 845 1978 885 regum

442 882 727 922 beneficiorum
747 896 827 923 non
858 895 1124 936 appareamus
1154 885 1312 937 ingrati,
1344 886 1384 925 et
1414 885 1585 927 maiores
1615 899 1826 930 successus
1856 890 1979 942 atque

443 937 630 978 victorias
661 938 711 978 de·
739 939 901 980 brachio
932 939 1094 980 virtutis
1124 941 1199 981 Dei
1228 941 1377 993 iugiter
1407 954 1568 994 sperare
1597 943 1810 995 possimus.
1845 944 1978 986 Huius

445 993 610 1044 quidem
654 996 815 1035 nostrae
861 996 1162 1037 consuetudinis
1199 997 1515 1038 consideratione
1553 997 1729 1047 inducti,
1772 1000 1898 1041 caesis
1938 1002 1980 1042 et

443 1050 742 1102 comprehensis
772 1050 813 1090 in
844 1063 969 1091 manu
999 1052 1141 1092 bellica
1170 1052 1220 1092 ad
1250 1053 1413 1093 landem
1444 1054 1485 1094 et
1513 1053 1682 1105 gloriam
1711 1055 1884 1097 nominis
1903 1056 1979 1097 Dei

444 1104 607 1146 Graecis
630 1107 670 1146 et
690 1106 870 1158 barbaris
890 1108 1133 1156 nationibus,
1165 1121 1268 1160 quae
1289 1121 1461 1161 regnum
1480 1111 1669 1150 nostrum
1696 1111 1811 1152 nulla
1839 1123 1980 1153 earum

442 1160 498 1209 vi,
538 1161 608 1201 sed
644 1162 895 1214 proditorum
930 1165 1160 1204 nostrorum
1190 1164 1402 1205 dolositate
1431 1165 1704 1215 intraverant,
1741 1167 1907 1209 devictis
1937 1169 1979 1208 et

442 1216 594 1268 fugatis
638 1217 686 1257 de
726 1218 873 1259 finibus
908 1220 1021 1271 regni
1059 1220 1187 1261 nostri
1224 1221 1500 1262 turbatoribus
1537 1222 1665 1274 pacis,
1709 1223 1978 1276 proditoribus

442 1273 611 1321 nostris,
651 1274 922 1315 humiliandos
963 1288 1036 1316 nos
1067 1276 1142 1316 sub
1172 1277 1439 1330 omnipotenti
1468 1289 1594 1318 manu
1623 1277 1698 1318 Dei
1727 1278 1977 1320 decrevimus

444 1329 485 1368 et
515 1328 565 1368 ad
594 1329 752 1370 cultum
782 1330 1024 1372 humilitatis
1054 1332 1291 1385 propensius
1321 1332 1646 1386 intendendum}

555 1384 787 1426 Discordiae
817 1386 942 1438 igitur
970 1387 1039 1436 illi,
1070 1400 1173 1439 quae
1203 1388 1309 1429 inter
1338 1389 1566 1429 Romanam
1595 1390 1806 1432 ecclesiam
1835 1392 1877 1432 et
1902 1404 1976 1433 nos

444 1439 577 1480 fuerat
607 1441 780 1492 agitata,
811 1442 934 1482 finem
964 1455 1189 1495 congruum
1217 1443 1423 1497 imponere
1454 1444 1680 1498 cupientes,
1710 1459 1804 1487 cum
1834 1459 1977 1501 appro-

440 1496 755 1548 pinquassemus
786 1497 939 1538 civitati
959 1499 1183 1540 Beneventi
1213 1501 1254 1540 et
1281 1500 1433 1541 inimici
1462 1501 1590 1541 nostri
1619 1503 1712 1542 ante
1742 1501 1887 1544 faciem
1914 1503 1978 1544 in-

441 1551 685 1603 dignationis
715 1555 878 1594 nostrae
908 1554 1119 1606 fugissent,
1148 1556 1396 1597 venerabiles
1426 1556 1648 1598 cardinales
1678 1559 1850 1608 vestros,
1888 1558 1977 1600 Hu-

441 1607 607 1648 baldum
651 1609 802 1650 scilicet
844 1610 954 1650 tituli
998 1613 1162 1652 sanctae
1198 1611 1389 1653 Praxedis
1435 1614 1476 1653 et
1510 1612 1663 1653 Iulium
1700 1613 1810 1655 tituli
1847 1616 1976 1656 sancti

440 1664 619 1704 Marcelli
640 1666 896 1717 presbyteros
923 1667 1145 1708 cardinales
1176 1669 1217 1708 et
1247 1681 1340 1708 cum
1371 1668 1428 1709 eis
1448 1668 1680 1710 Rolandum
1709 1669 1819 1711 tituli
1847 1672 1976 1712 sancti

440 1719 566 1760 Marci
595 1721 878 1773 presbyterum
908 1722 1154 1763 cardinalem
1184 1725 1226 1764 et
1255 1724 1540 1765 cancellarium
1570 1726 1763 1775 vestrum,
1794 1739 1895 1778 quos
1925 1727 1975 1768 ad

440 1777 622 1816 nostram
651 1777 924 1829 praesentiam
955 1778 1167 1827 direxistis,
1198 1792 1243 1820 eo
1275 1792 1353 1832 quo
1383 1780 1518 1821 decuit
1546 1780 1695 1822 honore
1723 1782 1976 1836 suscepimus

440 1832 481 1871 et
516 1831 759 1873 desiderium
799 1845 846 1874 ac
882 1834 1038 1875 monita
1073 1837 1209 1876 vestra
1246 1835 1295 1876 (16
1331 1836 1434 1876 bono
1473 1836 1582 1889 pacis
1623 1848 1671 1877 ex
1699 1850 1766 1878 ore
1794 1837 1976 1891 ipsorum

438 1887 580 1927 libenti
611 1888 744 1929 animo
775 1889 1006 1939 audientes,
1044 1891 1142 1943 ipsis
1173 1893 1214 1932 et
1242 1891 1422 1941 Maione‚
1451 1904 1599 1945 magno
1630 1892 1800 1935 amirato
1830 1894 1976 1935 mnira-

440 1945 576 1983 torum
613 1943 758 1985 dilecto
794 1945 902 1985 fideli
941 1947 982 1986 et
1009 1945 1322 1988 familiarissimo
1351 1949 1509 1997 nostro,
1548 1949 1589 1989 et
1623 1948 1796 2001 Hugone
1824 1949 1976 1992 Panor-

441 1999 594 2040 mitano
634 2001 674 2040 et
702 2000 929 2042 Romualdo
967 2002 1220 2044 Salernitano
1256 2004 1550 2044 venerabilibus
1589 2004 1896 2059 archiepiscopis
1934 2009 1976 2047 et

438 2055 642 2096 Willelmo'
678 2056 847 2098 Troiano
856 2059 884 2087 b>
915 2058 1098 2111 episcopo
1134 2061 1175 2099 et
1204 2059 1359 2100 Marino
1400 2059 1571 2101 Cavensi
1610 2060 1754 2102 abbate
1789 2061 1975 2103 fidelibus

439 2111 589 2151 nostris
627 2112 919 2162 mediantibus,
955 2114 996 2154 in
1025 2115 1135 2155 hunc
1163 2115 1371 2156 vobiscum
1399 2128 1471 2169 per
1500 2128 1567 2157 eos
1595 2116 1705 2169 pacis
1736 2117 1972 2159 devenimus

439 2167 752 2219 concordiaeque
783 2171 981 2218 tenorem,
1022 2170 1207 2211 videlicet
1242 2173 1289 2212 ut
1318 2171 1366 2212 de
1397 2171 1581 2224 capitulis
1611 2171 1710 2222 illis,
1747 2173 1797 2214 de
1827 2174 1973 2226 quibus

437 2222 542 2263 inter
562 2223 819 2264 maiestatem
839 2227 1018 2266 vestram
1039 2228 1079 2266 et
1098 2239 1172 2267 nos
1192 2227 1461 2268 controversia
1480 2229 1723 2277 vertebatur,
1753 2229 1861 2282 quod
1880 2230 1975 2271 sub-

439 2278 635 2331 scriptum
665 2281 737 2328 est,
767 2281 1022 2321 observetur:

551 2334 611 2375 De
643 2336 980 2388 appellationibus
1011 2337 1176 2389 quidem
1205 2338 1274 2378 ita.
1319 2338 1363 2380 Si
1394 2339 1538 2392 aliquis
1569 2340 1736 2382 clericus
1765 2340 1808 2382 in
1827 2342 1974 2395 Apulia

437 2391 478 2430 et
509 2390 695 2431 Calabria
731 2393 771 2432 et
807 2392 895 2433 aliis
930 2393 1067 2442 terris,
1107 2406 1210 2446 quae
1241 2394 1411 2447 Apuliae
1449 2397 1546 2436 sunt
1584 2396 1742 2446 affines,
1781 2397 1973 2439 adversus

439 2446 565 2486 alium
602 2447 793 2488 clericum
832 2448 881 2489 de
916 2449 1048 2490 causis
1086 2450 1364 2491 ecclesiasticis
1404 2452 1611 2503 querelam
1646 2453 1835 2494 habuerit
1872 2455 1913 2494 et
1949 2467 1973 2495 a

438 2523 561 2557 andere
574 2524 728 2558 Paktant
741 2524 1057 2570 dieVerpfiichtung
1071 2527 1324 2570 iibernommen,
1338 2539 1370 2562 11.
1385 2528 1433 2561 ist
1444 2528 1468 2562 h
1477 2528 1489 2561 i
1499 2539 1517 2562 6
1525 2529 1591 2563 rin
1609 2529 1631 2563 d
1640 2540 1658 2562 6
1666 2540 1684 2563 1·
1699 2529 1737 2564 ei
1746 2541 1794 2574 ge
1802 2532 1848 2564 nt
1857 2530 1944 2564 lich
1954 2542 1971 2565 6

435 2569 613 2613 Anfang
638 2581 730 2603 zum
755 2570 924 2605 Bruche
950 2572 1167 2606 zwischen
1193 2573 1351 2607 Kaiser
1376 2585 1407 2607 u.
1434 2574 1573 2618 Papst
1597 2586 1645 2608 zu
1671 2576 1846 2610 suchen.
1879 2576 1970 2620 (Vgl.

435 2615 606 2649 Romuald
623 2627 654 2650 V.
671 2615 810 2650 Salerno
834 2617 881 2651 M.
910 2616 949 2651 G.
975 2618 1008 2652 S.
1027 2617 1060 2652 S.
1085 2618 1178 2661 XIX,
1205 2621 1272 2653 429
1289 2631 1321 2654 u.
1346 2630 1397 2654 nr.
1423 2619 1553 2653 XXXV
1580 2632 1610 2655 u.
1635 2621 1821 2655 XXXVIII
1845 2622 1973 2656 meiner

435 2661 612 2695 Sammlun
619 2664 665 2705 g.)
705 2661 778 2695 Das
801 2662 849 2696 ist
873 2663 981 2697 selbst
997 2675 1060 2697 von
1076 2663 1220 2698 Nitzsch
1237 2665 1334 2698 nicht
1349 2666 1596 2710 entsprechend
1612 2667 1806 2711 gewiirdigt
1826 2667 1971 2703 worden.

436 2707 554 2741 Durch
580 2707 645 2741 den
661 2707 810 2751 Vertrag
834 2720 863 2743 V.
881 2708 1054 2743 Benevent
1078 2710 1193 2744 wurde
1216 2710 1374 2745 Hadrian
1390 2711 1448 2745 IV.
1475 2711 1511 2746 in
1536 2712 1609 2746 eine
1633 2712 1791 2747 ahnliche
1815 2712 1973 2758 Stellung

437 2765 475 2787 zu
494 2753 632 2787 Sizilien
651 2753 838 2796 einerseitS,
864 2766 939 2788 zum
956 2755 1079 2790 Kaiser
1095 2756 1322 2791 andererseits
1337 2757 1514 2801 gebracht,
1539 2758 1601 2793 wie
1617 2758 1782 2793 Innocenz
1798 2758 1846 2793 H.
1863 2759 1971 2794 durch

441 2799 496 2833 die
519 2799 684 2833 Urkunde
709 2811 783 2834 vom
810 2802 864 2835 27.
888 2800 961 2834 Juli
988 2805 1075 2837 1139
1099 2803 1145 2843 (s.
1171 2813 1220 2837 nr.
1246 2803 1304 2838 IV.
1331 2802 1431 2838 Anm.
1456 2804 1583 2838 meiner
1607 2803 1831 2849 Sammlung).

550 2846 587 2889 a)
606 2845 678 2879 Das
703 2845 1013 2890 Eingeklammerte
1037 2848 1126 2883 lasst
1148 2847 1291 2883 Cencius
1316 2860 1405 2893 weg;
1431 2850 1464 2893 b)
1489 2849 1657 2884 Baronius
1682 2850 1820 2886 Galano.
