2098 3432
460 275 514 315 28

462 398 528 426 eos
559 386 752 426 interesse
782 386 994 435 voluimus,
1023 386 1109 426 Deo
1140 387 1359 427 auxiliante
1389 389 1525 427 actum
1556 388 1619 437 sit,
1647 388 1720 430 tibi
1741 389 1845 430 sicut
1873 389 1991 432 unico
2018 396 2034 441 <j

463 441 578 481 fratri
599 443 736 482 nostro
758 445 798 482 et
819 443 946 482 amico
967 442 1226 483 dilectissimo
1248 442 1416 494 dignum
1446 443 1635 484 duximus
1663 445 1862 486 intimare.
1909 445 1992 487 No-
2039 470 2045 494 ·.

459 497 563 537 veris
594 497 736 548 igitur,
778 498 883 549 quod
914 510 1053 538 omnes
1085 498 1399 550 qui-imperium
1428 501 1614 539 nostrum
1643 499 1855 553 offendisse
1883 500 1992 543 vide-
2042 510 2047 538 1

461 553 618 601 bantur,
642 555 878 605 cooperante
894 553 990 602 Deo,
1011 555 1196 606 potenter
1216 555 1353 594 nostro
1372 554 1571 607 imperiali
1592 555 1678 596 iure
1698 555 1992 606 inclinavimus,
2046 587 2047 590 ,

461 620 608 660 eosque
646 608 687 648 in
725 609 1019 661 plenitudinem
1062 609 1214 661 gratiae
1254 611 1415 650 nostrae
1455 611 1738 663 suscipientes,
1782 611 1992 655 universas
2053 618 2059 635 ³

459 663 617 716 imperii
637 665 764 704 nostri
786 666 922 717 partes
943 665 1195 706 habundanti
1210 666 1311 718 'pace
1329 665 1600 719 ditavimus.*)
1636 667 1700 707 Ad
1719 667 1795 708 hoc
1813 666 1993 718 Francia,

460 719 678 772 Hyspania‚
694 720 850 772 Anglia,
872 721 1004 761 Dania
1024 724 1262 773 caeteraque
1282 733 1407 773 regna
1425 721 1592 774 imperio
1611 723 1750 764 nostro
1771 723 1993 766 adiacentia

459 775 680 815 cottidiana
718 776 918 828 legatione
958 789 1032 817 sua
1072 789 1165 817 cum
1204 777 1338 818 debita
1375 778 1601 818 reverentia
1631 779 1671 819 et
1699 779 1890 831 obsequio
1919 792 1992 821 nos

460 831 730 883 frequentant,
761 832 811 872 ad
842 845 889 872 ea
919 845 1022 884 quae
1053 833 1208 886 imperii
1238 833 1381 874 nostrii
1411 833 1605 874 mandata
1629 835 1727 875 sunt
1745 847 1788 876 se
1807 837 1994 888 prompta

462 899 549 927 esse
589 890 675 927 tam
714 887 918 928 obsidibus
950 901 1074 940 quam
1104 889 1366 929 sacramentis
1398 888 1734 944 affirmantes.**)
1791 890 1993 932 Nolumus

461 942 585 982 etiam
604 943 730 983 latere
752 943 1002 984 discretionis
1033 947 1127 985 tuae
1157 944 1425 997 prudentiam,
1456 945 1562 996 quod
1592 945 1764 987 domnus
1792 945 1993 1000 papa***)

459 1001 626 1050 totaque
655 999 822 1051 Apulia,
856 1000 977 1040 ItaHa
1015 1002 1056 1040 et
1083 1000 1364 1052 Longobardia
1393 1000 1441 1040 de
1472 1000 1536 1041 die
1566 1001 1608 1041 in
1637 1001 1745 1042 diem
1774 1002 1993 1044 adventum

458 1057 642 1094 nostrum
683 1054 913 1095 desiderant
943 1058 1002 1104 et,
1043 1058 1088 1096 ut
1122 1060 1261 1096 nostra
1291 1057 1348 1096 eis
1378 1056 1579 1109 imperiali
1610 1057 1896 1100 subveniamus
1924 1058 2020 1112 lio-¹

459 1109 606 1158 tentia,
636 1123 728 1151 cum
760 1111 869 1151 omni
900 1111 1108 1152 devotione
1139 1112 1405 1165 expostulant.
1462 1111 1597 1153 Huius
1626 1113 1684 1154 rei
1714 1114 1847 1165 gratia
1874 1113 1995 1155 dilec-
2063 1114 2068 1169 J

460 1165 664 1206 tissimum
705 1170 744 1206 et
781 1167 1069 1219 precordialem
1109 1167 1266 1221 imperii
1305 1169 1432 1208 nostri
1461 1168 1683 1221 principem
1710 1168 1994 1211 Embriconem

459 1222 730 1262 venerabilem
759 1222 1094 1276 Herbipolensem
1125 1225 1368 1276 episcopum,
1400 1223 1575 1264 amicum
1605 1227 1742 1274 tuum,
1775 1225 1826 1266 ad
1855 1227 1994 1278 exqui-

459 1276 626 1317 rendam
657 1278 793 1318 domni
821 1291 948 1331 papae
978 1279 1231 1320 voluntatem
1261 1280 1435 1320 Romam
1456 1279 1734 1334 direximus.†)

571 1333 743 1385 Cognita
772 1346 864 1374 vero
895 1335 1023 1387 ipsius
1054 1335 1160 1376 circa
1187 1348 1260 1376 nos
1290 1335 1520 1384 voluntate,
1561 1337 1994 1391 communicato-prin·-

459 1389 594 1441 cipum
632 1391 864 1430 nostrorum
902 1391 1088 1440 consilio,
1126 1403 1174 1431 ea
1212 1403 1315 1443 quae
1357 1391 1406 1431 ad
1437 1391 1650 1443 utriusque
1680 1392 1839 1446 imperii
1866 1393 1995 1434 nostri

458 1444 651 1485 honorem
689 1449 873 1498 spectant
908 1459 979 1499 per
1016 1447 1250 1488 karissimos
1290 1450 1330 1487 et
1367 1447 1587 1500 prudentes
1625 1449 1795 1489 nuncios
1823 1451 1994 1499 nostros,
2059 1449 2063 1452 ’

459 1500 682 1541 Robertum
715 1501 869 1542 scilicet
897 1502 1117 1555 principem
1147 1502 1408 1556 Capuanum,
1446 1503 1648 1544 illustrem
1684 1505 1826 1557 utique
1862 1503 1994 1546 virum

459 1567 506 1595 ac
532 1557 710 1597 nobilem
737 1557 931 1610 nobisque
960 1558 1131 1607 fidelem,
1160 1570 1315 1599 necnon
1345 1559 1570 1608 Albertum‚
1600 1559 1795 1601 dilectum
1823 1561 1995 1614 capella-

461 1624 560 1652 num
591 1616 777 1653 nostrum
808 1615 849 1654 et
877 1614 919 1654 in
948 1614 1026 1654 fide
1057 1617 1322 1663 constantem,
1353 1618 1446 1655 tuae
1477 1614 1752 1667 significamus
1781 1616 1992 1658 nobilitati.

457 1667 542 1708 Hos
565 1667 691 1719 igitur
711 1670 923 1721 tamquam
942 1682 1016 1710 nos
1039 1670 1192 1719 audias,
1223 1672 1263 1711 et
1293 1682 1396 1723 quae
1425 1670 1500 1711 tibi
1530 1671 1714 1721 dixerint,
1743 1671 1850 1713 sicut
1880 1672 1995 1714 decet

458 1724 735 1764 excellentiam
757 1728 870 1765 tuam
892 1727 932 1766 et
952 1726 1056 1766 sieut
1076 1726 1124 1766 de
1145 1729 1185 1766 te
1206 1738 1416 1779 speramus
1437 1727 1478 1767 et
1498 1727 1710 1776 credimus,
1733 1727 1783 1768 ad
1805 1727 1992 1770 effectum

456 1779 662 1832 perducas,
684 1783 724 1821 et
745 1781 932 1822 honestos
954 1785 994 1822 et
1014 1781 1190 1834 ydoneos
1212 1781 1487 1835 apocrisiarios
1508 1784 1600 1824 tuos
1620 1795 1702 1824 una
1722 1796 1816 1824 cum
1834 1783 1997 1825 nunciis

456 1835 604 1876 nostris
636 1836 720 1876 sine
751 1836 941 1878 dilatione
973 1837 1022 1877 ad
1051 1850 1124 1878 nos
1153 1838 1349 1879 remittas.

567 1891 756 1932 Preterea
793 1893 842 1933 de
879 1894 1096 1942 Reutenis,
1143 1895 1211 1946 qui
1250 1894 1300 1934 ad
1339 1896 1618 1947 contemptum
1659 1894 1818 1948 imperii
1854 1896 1994 1944 nostri,

457 1947 596 1988 occisis
634 1948 866 1989 hominibus
905 1949 1074 1998 nostris,
1118 1949 1333 2002 pecuniam
1367 1951 1549 1991 nostram
1581 1950 1655 1991 sibi
1685 1953 1995 2004 usurpaverunt,

457 2003 562 2043 sicut
603 2004 788 2044 convenit
830 2005 871 2044 in
911 2017 1034 2045 causa
1072 2005 1189 2046 amici
1229 2009 1269 2046 et
1306 2006 1519 2059 propinqui
1558 2006 1620 2046 tui
1659 2009 1700 2047 et
1738 2007 1843 2048 sicut
1879 2007 1994 2048 nobis

458 2059 665 2111 scripsisti,
694 2059 754 2099 ita
782 2060 917 2101 facias.
976 2061 1178 2102 Militibus
1210 2074 1370 2114 quoque
1400 2061 1558 2115 imperii
1589 2062 1729 2110 nostri,
1757 2062 1994 2104 Alemannis

458 2114 625 2163 scilicet,
681 2115 750 2167 qui
781 2119 880 2169 aput
925 2118 965 2156 te
1012 2120 1127 2165 sunt,
1174 2117 1279 2158 sicut
1322 2117 1436 2158 decet
1480 2118 1825 2170 magnificentiam
1868 2121 1994 2168 tuam,

456 2170 654 2222 benignus
686 2172 846 2212 existas.
905 2172 1201 2213 Nichilominus
1233 2173 1356 2214 etiam
1386 2176 1426 2214 te
1456 2185 1659 2226 rogamus,
1690 2177 1737 2214 ut
1765 2174 1995 2216 hominibus

569 2296 599 2338 ²)
623 2295 763 2328 Welche
786 2294 1061 2328 Friedensstorer
1092 2295 1169 2328 siml
1205 2295 1280 2328 hier
1311 2295 1489 2338 gemeint‘?
1537 2295 1590 2329 Ist
1623 2295 1677 2330 die
1700 2295 1844 2338 Angabe
1874 2296 1994 2331 wahr?

458 2341 508 2383 **)
531 2340 629 2374 Nach
655 2340 877 2375 Giesebrecht
913 2341 1015 2374 stand
1040 2341 1180 2374 Konrad
1213 2341 1317 2375 sehon
1350 2341 1482 2375 damals
1515 2342 1551 2375 in
1583 2342 1732 2376 naheren
1755 2341 1995 2385 Beziehungen

455 2398 496 2420 zu
528 2386 642 2430 Konig
671 2386 790 2420 Alfons
823 2387 900 2421 VII.
934 2397 998 2420 von
1029 2387 1218 2428 Kastiliem
1254 2390 1336 2421 1151
1374 2387 1562 2421 vermahlte
1594 2387 1669 2421 sich
1701 2387 1812 2422 dieser
1842 2388 1909 2422 mit
1936 2387 1995 2422 Ri-

457 2432 597 2472 childis,
631 2432 724 2471 einer
748 2432 894 2466 Tochter
918 2432 1137 2466 Wladislaws
1164 2443 1225 2466 vou
1250 2433 1355 2467 Polen
1381 2433 1449 2467 und
1475 2433 1534 2467 der
1558 2433 1674 2477 Agnes
1699 2445 1763 2468 von
1788 2426 1994 2476 Osterreich,

455 2478 547 2512 einer
571 2478 849 2512 Halbschwester
873 2478 1042 2513 Konrads.
1068 2498 1112 2502 -
1139 2479 1209 2512 Der
1234 2479 1395 2513 danische
1420 2479 1638 2523 Konigssohn
1662 2479 1786 2514 Petrus
1810 2479 1893 2514 oder
1908 2479 1995 2514 Sven

454 2524 579 2558 bofand
613 2524 685 2558 sich
711 2524 799 2558 wohl
825 2524 956 2558 damals
981 2524 1108 2558 bereits
1134 2535 1188 2558 am
1214 2524 1303 2558 Hofe
1327 2525 1501 2567 Konrads,
1534 2537 1631 2559 wenn
1663 2525 1749 2559 auch
1783 2525 1903 2560 dassen
1926 2526 1996 2560 An-

456 2570 641 2604 wesenheit
674 2572 746 2604 erst
776 2569 940 2604 Ostern
977 2573 1064 2604 1142
1097 2570 1303 2604 urkundlich
1335 2571 1479 2614 bezeugt
1510 2571 1567 2605 ist.
1617 2571 1772 2616 (Stumpf
1799 2582 1851 2606 nr.
1884 2574 1994 2614 34423

457 2616 524 2659 vgl.
557 2616 644 2650 auch
677 2615 764 2650 Saxo
797 2615 948 2650 Gramm.
979 2616 1072 2658 XIV,
1107 2617 1198 2658 692).
1264 2617 1336 2658 ***)
1369 2617 1447 2660 Vgl.
1476 2629 1526 2652 nr.
1557 2617 1616 2651 IV.
1651 2617 1752 2653 Anm.
1782 2629 1815 2652 u.
1849 2628 1899 2653 nr.
1932 2617 1994 2652 XI.

459 2662 585 2696 meinor
618 2661 829 2705 Sammlung.
878 2662 910 2705 †)
937 2662 1129 2695 Bernhardi
1162 2664 1332 2696 vermutet
1362 2662 1416 2696 die
1449 2663 1549 2696 Reise
1573 2663 1754 2697 Embrikos
1777 2663 1813 2698 in
1837 2663 1898 2698 der
1921 2663 1996 2698 Zeit

458 2719 516 2742 zw.
549 2708 652 2742 Mitte
683 2708 756 2741 Juli
789 2719 821 2742 u.
857 2708 929 2742 Anf
962 2708 1043 2741 Dez.
1071 2711 1178 2749 1141,
1211 2708 1256 2741 da
1287 2708 1340 2742 die
1374 2709 1615 2742 Anwesenheit
1637 2709 1796 2743 Kourads
1827 2720 1883 2744 am
1915 2707 1994 2744 Anf.

455 2754 610 2798 (Stumpf
635 2765 685 2788 nr.
703 2755 808 2796 3431)
834 2765 865 2788 u.
893 2765 947 2787 am
964 2753 1104 2787 Schluss
1129 2753 1238 2787 dieser
1254 2753 1348 2788 Frist
1372 2755 1577 2789 urkundlich
1602 2756 1748 2799 bezeugt
1770 2755 1828 2790 ist„
1865 2755 1992 2790 choch

454 2799 508 2833 die
541 2799 857 2843 Ausstellungszeit
886 2799 985 2843 jener
1007 2799 1091 2833 Urk.
1121 2810 1172 2834 nr.
1198 2802 1286 2834 3431
1322 2800 1370 2834 ist
1403 2800 1501 2834 nicht
1535 2800 1660 2843 sichen
1691 2801 1814 2844 gewiss
1846 2800 1896 2835 ist
1918 2811 1994 2844 nur,

454 2845 534 2879 dass
561 2845 610 2879 sie
646 2856 720 2879 vor
745 2845 822 2879 dem
848 2848 900 2881 17.
925 2845 998 2879 Juli
1025 2847 1111 2879 1141
1139 2845 1341 2889 ausgestellt
1364 2845 1421 2880 ist.

2075 1728 2098 2327 1

2087 2327 2098 2391 3
