<?xml version="1.0" encoding="UTF-8"?>
<!DOCTYPE html PUBLIC "-//W3C//DTD XHTML 1.0 Transitional//EN"
    "http://www.w3.org/TR/xhtml1/DTD/xhtml1-transitional.dtd">
<html xmlns="http://www.w3.org/1999/xhtml" xml:lang="en" lang="en">
 <head>
  <title>
</title>
<meta http-equiv="Content-Type" content="text/html;charset=utf-8" />
  <meta name='ocr-system' content='tesseract 3.04.00' />
  <meta name='ocr-capabilities' content='ocr_page ocr_carea ocr_par ocr_line ocrx_word'/>
</head>
<body>
  <div class='ocr_page' id='page_1' title='image "./monumentagermani04doebuoft_0124.png"; bbox 0 0 2098 3432; ppageno 0'>
   <div class='ocr_carea' id='block_1_1' title="bbox 437 268 518 309">
    <p class='ocr_par' dir='ltr' id='par_1_1' title="bbox 437 268 518 309">
     <span class='ocr_line' id='line_1_1' title="bbox 437 268 518 309; baseline 0 0"><span class='ocrx_word' id='word_1_1' title='bbox 437 268 518 309; x_wconf 92' lang='lat'>110</span> 
     </span>
    </p>
   </div>
   <div class='ocr_carea' id='block_1_2' title="bbox 437 372 1996 2722">
    <p class='ocr_par' dir='ltr' id='par_1_2' title="bbox 437 372 1996 2722">
     <span class='ocr_line' id='line_1_2' title="bbox 437 372 1970 428; baseline -0.004 -8"><span class='ocrx_word' id='word_1_2' title='bbox 437 378 701 419; x_wconf 76' lang='lat' dir='ltr'>timescimus</span> <span class='ocrx_word' id='word_1_3' title='bbox 759 376 862 417; x_wconf 85' lang='lat' dir='ltr'>Cum</span> <span class='ocrx_word' id='word_1_4' title='bbox 903 375 1010 416; x_wconf 91' lang='lat' dir='ltr'>enim</span> <span class='ocrx_word' id='word_1_5' title='bbox 1047 387 1176 428; x_wconf 84' lang='lat' dir='ltr'>nuper</span> <span class='ocrx_word' id='word_1_6' title='bbox 1211 375 1251 415; x_wconf 91' lang='lat' dir='ltr'>in</span> <span class='ocrx_word' id='word_1_7' title='bbox 1290 375 1402 415; x_wconf 86' lang='lat' dir='ltr'>curia</span> <span class='ocrx_word' id='word_1_8' title='bbox 1431 375 1611 416; x_wconf 90' lang='lat' dir='ltr'>Bisuncii</span> <span class='ocrx_word' id='word_1_9' title='bbox 1641 387 1822 416; x_wconf 80' lang='lat' dir='ltr'><strong>essemus</strong></span> <span class='ocrx_word' id='word_1_10' title='bbox 1851 374 1894 414; x_wconf 90' lang='lat' dir='ltr'>et</span> <span class='ocrx_word' id='word_1_11' title='bbox 1920 372 1970 414; x_wconf 90' lang='grc'>(10</span> 
     </span>
     <span class='ocr_line' id='line_1_3' title="bbox 439 430 1972 486; baseline -0.003 -11"><span class='ocrx_word' id='word_1_12' title='bbox 439 436 587 475; x_wconf 79' lang='lat' dir='ltr'>honore</span> <span class='ocrx_word' id='word_1_13' title='bbox 625 432 780 486; x_wconf 87' lang='lat' dir='ltr'>imperii</span> <span class='ocrx_word' id='word_1_14' title='bbox 821 434 861 472; x_wconf 94' lang='lat' dir='ltr'>et</span> <span class='ocrx_word' id='word_1_15' title='bbox 899 432 1029 471; x_wconf 73' lang='lat' dir='ltr'>salut(</span> <span class='ocrx_word' id='word_1_16' title='bbox 1060 431 1345 471; x_wconf 71' lang='lat' dir='ltr'>aecclesiarum</span> <span class='ocrx_word' id='word_1_17' title='bbox 1366 431 1500 471; x_wconf 88' lang='lat' dir='ltr'>debita</span> <span class='ocrx_word' id='word_1_18' title='bbox 1529 431 1796 472; x_wconf 87' lang='lat' dir='ltr'>sollicitudine</span> <span class='ocrx_word' id='word_1_19' title='bbox 1824 430 1972 470; x_wconf 87' lang='lat' dir='ltr'>tracta-</span> 
     </span>
     <span class='ocr_line' id='line_1_4' title="bbox 437 485 1970 550; baseline -0.003 -19"><span class='ocrx_word' id='word_1_20' title='bbox 437 503 585 538; x_wconf 86' lang='lat' dir='ltr'>remus,</span> <span class='ocrx_word' id='word_1_21' title='bbox 614 490 813 530; x_wconf 87' lang='lat' dir='ltr'>venerunt</span> <span class='ocrx_word' id='word_1_22' title='bbox 832 488 956 539; x_wconf 89' lang='lat' dir='ltr'>legati</span> <span class='ocrx_word' id='word_1_23' title='bbox 988 487 1206 540; x_wconf 87' lang='lat' dir='ltr'>apostolici,</span> <span class='ocrx_word' id='word_1_24' title='bbox 1238 488 1476 550; x_wconf 75' lang='lat' dir='ltr'>asserentes,</span> <span class='ocrx_word' id='word_1_25' title='bbox 1507 499 1549 527; x_wconf 92' lang='lat' dir='ltr'>se</span> <span class='ocrx_word' id='word_1_26' title='bbox 1570 487 1696 527; x_wconf 88' lang='lat' dir='ltr'>talem</span> <span class='ocrx_word' id='word_1_27' title='bbox 1723 485 1970 549; x_wconf 76' lang='lat' dir='ltr'>legationem</span> 
     </span>
     <span class='ocr_line' id='line_1_5' title="bbox 438 542 1970 604; baseline -0.003 -18"><span class='ocrx_word' id='word_1_28' title='bbox 438 548 598 586; x_wconf 90' lang='lat' dir='ltr'>nostrae</span> <span class='ocrx_word' id='word_1_29' title='bbox 630 545 770 585; x_wconf 85' lang='lat' dir='ltr'>afferre</span> <span class='ocrx_word' id='word_1_30' title='bbox 790 543 1006 592; x_wconf 88' lang='lat' dir='ltr'>maiestati,</span> <span class='ocrx_word' id='word_1_31' title='bbox 1036 543 1142 583; x_wconf 88' lang='lat' dir='ltr'>unde</span> <span class='ocrx_word' id='word_1_32' title='bbox 1163 543 1318 583; x_wconf 90' lang='lat' dir='ltr'>honor</span> <span class='ocrx_word' id='word_1_33' title='bbox 1308 543 1466 604; x_wconf 80' lang='lat' dir='ltr'>lmperii</span> <span class='ocrx_word' id='word_1_34' title='bbox 1488 555 1568 583; x_wconf 90' lang='lat' dir='ltr'>non</span> <span class='ocrx_word' id='word_1_35' title='bbox 1592 554 1764 595; x_wconf 85' lang='lat' dir='ltr'>parvum</span> <span class='ocrx_word' id='word_1_36' title='bbox 1794 542 1970 594; x_wconf 84' lang='lat' dir='ltr'>accipere</span> 
     </span>
     <span class='ocr_line' id='line_1_6' title="bbox 439 597 1972 651; baseline -0.001 -11"><span class='ocrx_word' id='word_1_37' title='bbox 439 602 602 642; x_wconf 79' lang='lat' dir='ltr'>‹lebeiet</span> <span class='ocrx_word' id='word_1_38' title='bbox 640 601 947 641; x_wconf 82' lang='lat' dir='ltr'>incrementum.</span> <span class='ocrx_word' id='word_1_39' title='bbox 1006 598 1116 648; x_wconf 78' lang='lat' dir='ltr'>Quos</span> <span class='ocrx_word' id='word_1_40' title='bbox 1153 611 1247 638; x_wconf 88' lang='lat' dir='ltr'>cum</span> <span class='ocrx_word' id='word_1_41' title='bbox 1276 598 1406 651; x_wconf 90' lang='lat' dir='ltr'>prima</span> <span class='ocrx_word' id='word_1_42' title='bbox 1435 598 1498 638; x_wconf 94' lang='lat' dir='ltr'>die</span> <span class='ocrx_word' id='word_1_43' title='bbox 1529 598 1726 639; x_wconf 89' lang='lat' dir='ltr'>adventus</span> <span class='ocrx_word' id='word_1_44' title='bbox 1756 597 1820 639; x_wconf 90' lang='lat' dir='ltr'>sui</span> <span class='ocrx_word' id='word_1_45' title='bbox 1847 597 1972 638; x_wconf 88' lang='lat' dir='ltr'>hono-</span> 
     </span>
     <span class='ocr_line' id='line_1_7' title="bbox 439 653 1973 709; baseline -0.003 -11"><span class='ocrx_word' id='word_1_46' title='bbox 439 658 548 698; x_wconf 86' lang='lat' dir='ltr'>rifice</span> <span class='ocrx_word' id='word_1_47' title='bbox 569 657 900 709; x_wconf 86' lang='lat' dir='ltr'>suscepissemus,</span> <span class='ocrx_word' id='word_1_48' title='bbox 930 658 970 695; x_wconf 88' lang='lat' dir='ltr'>et</span> <span class='ocrx_word' id='word_1_49' title='bbox 1000 654 1186 703; x_wconf 87' lang='lat' dir='ltr'>secunda,</span> <span class='ocrx_word' id='word_1_50' title='bbox 1216 657 1263 694; x_wconf 89' lang='lat' dir='ltr'>ut</span> <span class='ocrx_word' id='word_1_51' title='bbox 1292 666 1379 695; x_wconf 91' lang='lat' dir='ltr'>mos</span> <span class='ocrx_word' id='word_1_52' title='bbox 1410 656 1482 703; x_wconf 92' lang='lat' dir='ltr'>est,</span> <span class='ocrx_word' id='word_1_53' title='bbox 1513 654 1563 694; x_wconf 88' lang='lat' dir='ltr'>ad</span> <span class='ocrx_word' id='word_1_54' title='bbox 1593 653 1835 695; x_wconf 89' lang='lat' dir='ltr'>audiendam</span> <span class='ocrx_word' id='word_1_55' title='bbox 1863 653 1973 705; x_wconf 83' lang='lat' dir='ltr'>lega-</span> 
     </span>
     <span class='ocr_line' id='line_1_8' title="bbox 439 707 1974 772; baseline -0.003 -19"><span class='ocrx_word' id='word_1_56' title='bbox 439 714 591 754; x_wconf 90' lang='lat' dir='ltr'>tionem</span> <span class='ocrx_word' id='word_1_57' title='bbox 622 724 760 753; x_wconf 90' lang='lat' dir='ltr'>eorum</span> <span class='ocrx_word' id='word_1_58' title='bbox 791 723 884 751; x_wconf 90' lang='lat' dir='ltr'>cum</span> <span class='ocrx_word' id='word_1_59' title='bbox 911 710 1159 772; x_wconf 84' lang='lat' dir='ltr'>principibus</span> <span class='ocrx_word' id='word_1_60' title='bbox 1189 710 1338 750; x_wconf 88' lang='lat' dir='ltr'>nostris</span> <span class='ocrx_word' id='word_1_61' title='bbox 1368 710 1700 759; x_wconf 84' lang='lat' dir='ltr'>consedissemus,</span> <span class='ocrx_word' id='word_1_62' title='bbox 1727 709 1826 763; x_wconf 91' lang='lat' dir='ltr'>ipsi,</span> <span class='ocrx_word' id='word_1_63' title='bbox 1857 707 1974 761; x_wconf 84' lang='lat' dir='ltr'>quasi</span> 
     </span>
     <span class='ocr_line' id='line_1_9' title="bbox 441 764 1974 819; baseline -0.003 -10"><span class='ocrx_word' id='word_1_64' title='bbox 441 769 490 809; x_wconf 92' lang='lat' dir='ltr'>de</span> <span class='ocrx_word' id='word_1_65' title='bbox 519 780 754 808; x_wconf 81' lang='lat' dir='ltr'>mammona</span> <span class='ocrx_word' id='word_1_66' title='bbox 782 766 1010 818; x_wconf 88' lang='lat' dir='ltr'>iniquitatis</span> <span class='ocrx_word' id='word_1_67' title='bbox 1040 766 1180 814; x_wconf 85' lang='lat' dir='ltr'>inflati,</span> <span class='ocrx_word' id='word_1_68' title='bbox 1211 766 1259 806; x_wconf 89' lang='lat' dir='ltr'>de</span> <span class='ocrx_word' id='word_1_69' title='bbox 1291 766 1505 806; x_wconf 76' lang='lat' dir='ltr'>altitudine</span> <span class='ocrx_word' id='word_1_70' title='bbox 1535 765 1757 819; x_wconf 85' lang='lat' dir='ltr'>superbiae,</span> <span class='ocrx_word' id='word_1_71' title='bbox 1786 765 1835 806; x_wconf 87' lang='lat' dir='ltr'>de</span> <span class='ocrx_word' id='word_1_72' title='bbox 1864 764 1974 805; x_wconf 80' lang='lat' dir='ltr'>fastu</span> 
     </span>
     <span class='ocr_line' id='line_1_10' title="bbox 441 821 1975 877; baseline -0.003 -12"><span class='ocrx_word' id='word_1_73' title='bbox 441 825 706 877; x_wconf 83' lang='lat' dir='ltr'>arrogantiae,</span> <span class='ocrx_word' id='word_1_74' title='bbox 736 823 784 863; x_wconf 87' lang='lat' dir='ltr'>de</span> <span class='ocrx_word' id='word_1_75' title='bbox 815 822 1023 862; x_wconf 83' lang='lat' dir='ltr'>execrabili</span> <span class='ocrx_word' id='word_1_76' title='bbox 1055 822 1203 862; x_wconf 90' lang='lat' dir='ltr'>tumidi</span> <span class='ocrx_word' id='word_1_77' title='bbox 1233 822 1362 862; x_wconf 88' lang='lat' dir='ltr'>cordis</span> <span class='ocrx_word' id='word_1_78' title='bbox 1393 822 1580 871; x_wconf 88' lang='lat' dir='ltr'>elatione,</span> <span class='ocrx_word' id='word_1_79' title='bbox 1610 821 1852 873; x_wconf 87' lang='lat' dir='ltr'>legationem</span> <span class='ocrx_word' id='word_1_80' title='bbox 1881 832 1975 874; x_wconf 88' lang='lat' dir='ltr'>apo-</span> 
     </span>
     <span class='ocr_line' id='line_1_11' title="bbox 442 877 1976 940; baseline -0.003 -19"><span class='ocrx_word' id='word_1_81' title='bbox 442 881 595 921; x_wconf 89' lang='lat' dir='ltr'>stolicis</span> <span class='ocrx_word' id='word_1_82' title='bbox 633 879 779 920; x_wconf 86' lang='lat' dir='ltr'>litteris</span> <span class='ocrx_word' id='word_1_83' title='bbox 820 878 1087 930; x_wconf 83' lang='lat' dir='ltr'>conscriptam</span> <span class='ocrx_word' id='word_1_84' title='bbox 1116 878 1230 918; x_wconf 87' lang='lat' dir='ltr'>nobis</span> <span class='ocrx_word' id='word_1_85' title='bbox 1259 879 1612 940; x_wconf 86' lang='lat' dir='ltr'>presentaverunt,</span> <span class='ocrx_word' id='word_1_86' title='bbox 1649 890 1823 930; x_wconf 89' lang='lat' dir='ltr'>quarum</span> <span class='ocrx_word' id='word_1_87' title='bbox 1860 877 1976 917; x_wconf 89' lang='lat' dir='ltr'>tenor</span> 
     </span>
     <span class='ocr_line' id='line_1_12' title="bbox 442 933 1975 987; baseline -0.003 -10"><span class='ocrx_word' id='word_1_88' title='bbox 442 937 537 977; x_wconf 91' lang='lat' dir='ltr'>talis</span> <span class='ocrx_word' id='word_1_89' title='bbox 581 941 687 984; x_wconf 87' lang='lat' dir='ltr'>erat,</span> <span class='ocrx_word' id='word_1_90' title='bbox 732 934 839 987; x_wconf 89' lang='lat' dir='ltr'>quod</span> <span class='ocrx_word' id='word_1_91' title='bbox 877 946 947 987; x_wconf 90' lang='lat' dir='ltr'>pre</span> <span class='ocrx_word' id='word_1_92' title='bbox 986 934 1112 974; x_wconf 90' lang='lat' dir='ltr'>oculis</span> <span class='ocrx_word' id='word_1_93' title='bbox 1151 934 1300 974; x_wconf 90' lang='lat' dir='ltr'>mentis</span> <span class='ocrx_word' id='word_1_94' title='bbox 1341 946 1500 986; x_wconf 90' lang='lat' dir='ltr'>semper</span> <span class='ocrx_word' id='word_1_95' title='bbox 1538 933 1776 974; x_wconf 88' lang='lat' dir='ltr'>deberemus</span> <span class='ocrx_word' id='word_1_96' title='bbox 1814 933 1975 981; x_wconf 89' lang='lat' dir='ltr'>habere,</span> 
     </span>
     <span class='ocr_line' id='line_1_13' title="bbox 443 989 1976 1044; baseline -0.002 -12"><span class='ocrx_word' id='word_1_97' title='bbox 443 992 675 1044; x_wconf 84' lang='lat' dir='ltr'>qualiter</span> <span class='ocrx_word' id='word_1_98' title='bbox 724 991 935 1031; x_wconf 88' lang='lat' dir='ltr'>domnus</span> <span class='ocrx_word' id='word_1_99' title='bbox 984 1002 1116 1042; x_wconf 89' lang='lat' dir='ltr'>papa</span> <span class='ocrx_word' id='word_1_100' title='bbox 1163 989 1372 1041; x_wconf 84' lang='lat' dir='ltr'>insigne</span> <span class='ocrx_word' id='word_1_101' title='bbox 1416 989 1715 1043; x_wconf 90' lang='lat' dir='ltr'>imperialis</span> <span class='ocrx_word' id='word_1_102' title='bbox 1758 999 1976 1030; x_wconf 85' lang='lat' dir='ltr'>coronae</span> 
     </span>
     <span class='ocr_line' id='line_1_14' title="bbox 442 1045 1976 1098; baseline -0.003 -9"><span class='ocrx_word' id='word_1_103' title='bbox 442 1047 591 1089; x_wconf 91' lang='lat' dir='ltr'>nobis</span> <span class='ocrx_word' id='word_1_104' title='bbox 621 1046 925 1094; x_wconf 90' lang='lat' dir='ltr'>contulerit,</span> <span class='ocrx_word' id='word_1_105' title='bbox 956 1058 1124 1098; x_wconf 91' lang='lat' dir='ltr'>neque</span> <span class='ocrx_word' id='word_1_106' title='bbox 1154 1047 1321 1086; x_wconf 89' lang='lat' dir='ltr'>tamen</span> <span class='ocrx_word' id='word_1_107' title='bbox 1341 1045 1644 1098; x_wconf 86' lang='lat' dir='ltr'>penitentia</span> <span class='ocrx_word' id='word_1_108' title='bbox 1671 1045 1976 1092; x_wconf 86' lang='lat' dir='ltr'>moveretur,</span> 
     </span>
     <span class='ocr_line' id='line_1_15' title="bbox 445 1101 1978 1167; baseline -0.003 -22"><span class='ocrx_word' id='word_1_109' title='bbox 445 1105 482 1145; x_wconf 90' lang='lat' dir='ltr'>si</span> <span class='ocrx_word' id='word_1_110' title='bbox 528 1104 728 1167; x_wconf 58' lang='lat' dir='ltr'>maior)</span> <span class='ocrx_word' id='word_1_111' title='bbox 771 1102 1083 1142; x_wconf 86' lang='lat' dir='ltr'>excellentia</span> <span class='ocrx_word' id='word_1_112' title='bbox 1125 1105 1307 1142; x_wconf 88' lang='lat' dir='ltr'>nostra</span> <span class='ocrx_word' id='word_1_113' title='bbox 1350 1102 1407 1142; x_wconf 88' lang='lat' dir='ltr'>ab</span> <span class='ocrx_word' id='word_1_114' title='bbox 1456 1114 1510 1142; x_wconf 93' lang='lat' dir='ltr'>eo</span> <span class='ocrx_word' id='word_1_115' title='bbox 1558 1101 1819 1142; x_wconf 84' lang='lat' dir='ltr'>beneficia</span> <span class='ocrx_word' id='word_1_116' title='bbox 1866 1113 1978 1141; x_wconf 87' lang='lat' dir='ltr'>sus-</span> 
     </span>
     <span class='ocr_line' id='line_1_16' title="bbox 445 1155 1979 1212; baseline -0.002 -12"><span class='ocrx_word' id='word_1_117' title='bbox 445 1159 687 1212; x_wconf 88' lang='lat' dir='ltr'>cepisset.</span> <span class='ocrx_word' id='word_1_118' title='bbox 737 1158 848 1198; x_wconf 91' lang='lat' dir='ltr'>Haec</span> <span class='ocrx_word' id='word_1_119' title='bbox 878 1159 965 1198; x_wconf 89' lang='lat' dir='ltr'>erat</span> <span class='ocrx_word' id='word_1_120' title='bbox 994 1158 1064 1197; x_wconf 90' lang='lat' dir='ltr'>illa</span> <span class='ocrx_word' id='word_1_121' title='bbox 1092 1158 1284 1210; x_wconf 86' lang='lat' dir='ltr'>paternae</span> <span class='ocrx_word' id='word_1_122' title='bbox 1315 1157 1536 1198; x_wconf 89' lang='lat' dir='ltr'>dulcedinis</span> <span class='ocrx_word' id='word_1_123' title='bbox 1565 1157 1726 1210; x_wconf 87' lang='lat' dir='ltr'>legatio,</span> <span class='ocrx_word' id='word_1_124' title='bbox 1757 1168 1860 1209; x_wconf 87' lang='lat' dir='ltr'>quae</span> <span class='ocrx_word' id='word_1_125' title='bbox 1889 1155 1979 1197; x_wconf 92' lang='lat' dir='ltr'>uni-</span> 
     </span>
     <span class='ocr_line' id='line_1_17' title="bbox 445 1211 1979 1266; baseline -0.003 -10"><span class='ocrx_word' id='word_1_126' title='bbox 445 1218 573 1256; x_wconf 89' lang='lat' dir='ltr'>tatem</span> <span class='ocrx_word' id='word_1_127' title='bbox 611 1214 826 1255; x_wconf 86' lang='lat' dir='ltr'>aecclesiae</span> <span class='ocrx_word' id='word_1_128' title='bbox 861 1215 902 1253; x_wconf 92' lang='lat' dir='ltr'>et</span> <span class='ocrx_word' id='word_1_129' title='bbox 930 1213 1086 1266; x_wconf 89' lang='lat' dir='ltr'>imperii</span> <span class='ocrx_word' id='word_1_130' title='bbox 1116 1213 1323 1254; x_wconf 80' lang='lat' dir='ltr'>confovere</span> <span class='ocrx_word' id='word_1_131' title='bbox 1354 1213 1513 1261; x_wconf 89' lang='lat' dir='ltr'>debuit,</span> <span class='ocrx_word' id='word_1_132' title='bbox 1549 1225 1653 1265; x_wconf 91' lang='lat' dir='ltr'>quae</span> <span class='ocrx_word' id='word_1_133' title='bbox 1681 1213 1840 1254; x_wconf 85' lang='lat' dir='ltr'>vinculo</span> <span class='ocrx_word' id='word_1_134' title='bbox 1868 1211 1979 1266; x_wconf 89' lang='lat' dir='ltr'>pacis</span> 
     </span>
     <span class='ocr_line' id='line_1_18' title="bbox 448 1268 1980 1332; baseline -0.003 -20"><span class='ocrx_word' id='word_1_135' title='bbox 448 1274 667 1323; x_wconf 88' lang='lat' dir='ltr'>utrumque</span> <span class='ocrx_word' id='word_1_136' title='bbox 690 1270 877 1332; x_wconf 80' lang='lat' dir='ltr'>colligare</span> <span class='ocrx_word' id='word_1_137' title='bbox 899 1269 1066 1317; x_wconf 84' lang='lat' dir='ltr'>studuit,</span> <span class='ocrx_word' id='word_1_138' title='bbox 1098 1282 1201 1321; x_wconf 90' lang='lat' dir='ltr'>quae</span> <span class='ocrx_word' id='word_1_139' title='bbox 1232 1269 1282 1310; x_wconf 88' lang='lat' dir='ltr'>ad</span> <span class='ocrx_word' id='word_1_140' title='bbox 1312 1270 1526 1321; x_wconf 89' lang='lat' dir='ltr'>utriusque</span> <span class='ocrx_word' id='word_1_141' title='bbox 1547 1269 1800 1310; x_wconf 86' lang='lat' dir='ltr'>concordiam</span> <span class='ocrx_word' id='word_1_142' title='bbox 1820 1271 1862 1309; x_wconf 90' lang='lat' dir='ltr'>et</span> <span class='ocrx_word' id='word_1_143' title='bbox 1887 1268 1980 1308; x_wconf 92' lang='lat' dir='ltr'>obe-</span> 
     </span>
     <span class='ocr_line' id='line_1_19' title="bbox 446 1323 1981 1368; baseline -0.002 -1"><span class='ocrx_word' id='word_1_144' title='bbox 446 1327 640 1368; x_wconf 88' lang='lat' dir='ltr'>dientiam</span> <span class='ocrx_word' id='word_1_145' title='bbox 657 1327 813 1367; x_wconf 89' lang='lat' dir='ltr'>animos</span> <span class='ocrx_word' id='word_1_146' title='bbox 831 1325 1083 1366; x_wconf 89' lang='lat' dir='ltr'>audientium</span> <span class='ocrx_word' id='word_1_147' title='bbox 1101 1325 1247 1366; x_wconf 83' lang='lat' dir='ltr'>allexit.</span> <span class='ocrx_word' id='word_1_148' title='bbox 1280 1325 1398 1366; x_wconf 87' lang='lat' dir='ltr'>Certe</span> <span class='ocrx_word' id='word_1_149' title='bbox 1415 1326 1464 1366; x_wconf 90' lang='lat' dir='ltr'>ad</span> <span class='ocrx_word' id='word_1_150' title='bbox 1481 1338 1621 1366; x_wconf 90' lang='lat' dir='ltr'>vocem</span> <span class='ocrx_word' id='word_1_151' title='bbox 1635 1325 1747 1365; x_wconf 89' lang='lat' dir='ltr'>illam</span> <span class='ocrx_word' id='word_1_152' title='bbox 1762 1323 1981 1366; x_wconf 85' lang='lat' dir='ltr'>nefandam</span> 
     </span>
     <span class='ocr_line' id='line_1_20' title="bbox 447 1380 1981 1434; baseline -0.003 -10"><span class='ocrx_word' id='word_1_153' title='bbox 447 1392 487 1424; x_wconf 89' lang='lat' dir='ltr'>et</span> <span class='ocrx_word' id='word_1_154' title='bbox 516 1383 624 1424; x_wconf 90' lang='lat' dir='ltr'>omni</span> <span class='ocrx_word' id='word_1_155' title='bbox 655 1382 824 1423; x_wconf 88' lang='lat' dir='ltr'>veritate</span> <span class='ocrx_word' id='word_1_156' title='bbox 854 1393 1025 1422; x_wconf 86' lang='lat' dir='ltr'>vacuam</span> <span class='ocrx_word' id='word_1_157' title='bbox 1054 1394 1134 1421; x_wconf 91' lang='lat' dir='ltr'>non</span> <span class='ocrx_word' id='word_1_158' title='bbox 1169 1382 1302 1422; x_wconf 91' lang='lat' dir='ltr'>solum</span> <span class='ocrx_word' id='word_1_159' title='bbox 1331 1381 1550 1434; x_wconf 89' lang='lat' dir='ltr'>imperialis</span> <span class='ocrx_word' id='word_1_160' title='bbox 1579 1381 1774 1422; x_wconf 80' lang='lat' dir='ltr'>maiestas</span> <span class='ocrx_word' id='word_1_161' title='bbox 1803 1380 1981 1421; x_wconf 87' lang='lat' dir='ltr'>debitam</span> 
     </span>
     <span class='ocr_line' id='line_1_21' title="bbox 447 1436 1981 1491; baseline -0.002 -12"><span class='ocrx_word' id='word_1_162' title='bbox 447 1438 765 1491; x_wconf 88' lang='lat' dir='ltr'>indignationem</span> <span class='ocrx_word' id='word_1_163' title='bbox 786 1437 977 1490; x_wconf 89' lang='lat' dir='ltr'>concepit,</span> <span class='ocrx_word' id='word_1_164' title='bbox 1007 1449 1148 1478; x_wconf 88' lang='lat' dir='ltr'>verum</span> <span class='ocrx_word' id='word_1_165' title='bbox 1170 1449 1309 1478; x_wconf 90' lang='lat' dir='ltr'>omnes</span> <span class='ocrx_word' id='word_1_166' title='bbox 1339 1438 1540 1490; x_wconf 87' lang='lat' dir='ltr'>principes</span> <span class='ocrx_word' id='word_1_167' title='bbox 1571 1437 1641 1489; x_wconf 87' lang='lat' dir='ltr'>qui</span> <span class='ocrx_word' id='word_1_168' title='bbox 1670 1436 1839 1478; x_wconf 88' lang='lat' dir='ltr'>aderant</span> <span class='ocrx_word' id='word_1_169' title='bbox 1865 1436 1981 1476; x_wconf 88' lang='lat' dir='ltr'>tanto</span> 
     </span>
     <span class='ocr_line' id='line_1_22' title="bbox 447 1491 1983 1546; baseline -0.002 -11"><span class='ocrx_word' id='word_1_170' title='bbox 447 1495 580 1535; x_wconf 87' lang='lat' dir='ltr'>furore</span> <span class='ocrx_word' id='word_1_171' title='bbox 620 1496 661 1535; x_wconf 93' lang='lat' dir='ltr'>et</span> <span class='ocrx_word' id='word_1_172' title='bbox 698 1494 760 1534; x_wconf 89' lang='lat' dir='ltr'>ira</span> <span class='ocrx_word' id='word_1_173' title='bbox 800 1497 896 1534; x_wconf 89' lang='lat' dir='ltr'>sunt</span> <span class='ocrx_word' id='word_1_174' title='bbox 924 1493 1086 1546; x_wconf 88' lang='lat' dir='ltr'>repleti,</span> <span class='ocrx_word' id='word_1_175' title='bbox 1126 1493 1233 1545; x_wconf 90' lang='lat' dir='ltr'>quod</span> <span class='ocrx_word' id='word_1_176' title='bbox 1271 1493 1357 1534; x_wconf 92' lang='lat' dir='ltr'>sine</span> <span class='ocrx_word' id='word_1_177' title='bbox 1397 1493 1516 1534; x_wconf 90' lang='lat' dir='ltr'>dubio</span> <span class='ocrx_word' id='word_1_178' title='bbox 1557 1493 1647 1534; x_wconf 88' lang='lat' dir='ltr'>illos</span> <span class='ocrx_word' id='word_1_179' title='bbox 1686 1492 1787 1534; x_wconf 88' lang='lat' dir='ltr'>duos</span> <span class='ocrx_word' id='word_1_180' title='bbox 1822 1491 1983 1544; x_wconf 86' lang='lat' dir='ltr'>iniquos</span> 
     </span>
     <span class='ocr_line' id='line_1_23' title="bbox 447 1548 1984 1604; baseline -0.002 -13"><span class='ocrx_word' id='word_1_181' title='bbox 447 1551 690 1604; x_wconf 83' lang='lat' dir='ltr'>presbiteros</span> <span class='ocrx_word' id='word_1_182' title='bbox 726 1550 870 1590; x_wconf 88' lang='lat' dir='ltr'>mortis</span> <span class='ocrx_word' id='word_1_183' title='bbox 901 1549 1102 1589; x_wconf 86' lang='lat' dir='ltr'>sententia</span> <span class='ocrx_word' id='word_1_184' title='bbox 1131 1549 1442 1602; x_wconf 80' lang='lat' dir='ltr'>dainpnassent,</span> <span class='ocrx_word' id='word_1_185' title='bbox 1478 1549 1556 1590; x_wconf 88' lang='lat' dir='ltr'>nisi</span> <span class='ocrx_word' id='word_1_186' title='bbox 1586 1549 1663 1590; x_wconf 90' lang='lat' dir='ltr'>hoc</span> <span class='ocrx_word' id='word_1_187' title='bbox 1691 1550 1833 1589; x_wconf 89' lang='lat' dir='ltr'>nostra</span> <span class='ocrx_word' id='word_1_188' title='bbox 1859 1548 1984 1588; x_wconf 85' lang='lat' dir='ltr'>inter-</span> 
     </span>
     <span class='ocr_line' id='line_1_24' title="bbox 449 1604 1984 1660; baseline -0.003 -13"><span class='ocrx_word' id='word_1_189' title='bbox 449 1607 622 1660; x_wconf 86' lang='lat' dir='ltr'>cepisset</span> <span class='ocrx_word' id='word_1_190' title='bbox 658 1605 872 1659; x_wconf 87' lang='lat' dir='ltr'>presentia.</span> <span class='ocrx_word' id='word_1_191' title='bbox 930 1605 1056 1645; x_wconf 88' lang='lat' dir='ltr'>Porro</span> <span class='ocrx_word' id='word_1_192' title='bbox 1092 1605 1188 1657; x_wconf 89' lang='lat' dir='ltr'>quia</span> <span class='ocrx_word' id='word_1_193' title='bbox 1217 1606 1348 1645; x_wconf 73' lang='lat' dir='ltr'>multi</span> <span class='ocrx_word' id='word_1_194' title='bbox 1378 1605 1491 1658; x_wconf 91' lang='lat' dir='ltr'>paria</span> <span class='ocrx_word' id='word_1_195' title='bbox 1520 1606 1750 1646; x_wconf 89' lang='lat' dir='ltr'>litterarum</span> <span class='ocrx_word' id='word_1_196' title='bbox 1780 1604 1887 1658; x_wconf 89' lang='lat' dir='ltr'>apud</span> <span class='ocrx_word' id='word_1_197' title='bbox 1916 1615 1984 1644; x_wconf 91' lang='lat' dir='ltr'>eos</span> 
     </span>
     <span class='ocr_line' id='line_1_25' title="bbox 450 1659 1985 1716; baseline -0.002 -13"><span class='ocrx_word' id='word_1_198' title='bbox 450 1666 610 1716; x_wconf 80' lang='lat' dir='ltr'>reperta</span> <span class='ocrx_word' id='word_1_199' title='bbox 653 1665 750 1702; x_wconf 92' lang='lat' dir='ltr'>sunt</span> <span class='ocrx_word' id='word_1_200' title='bbox 794 1663 834 1702; x_wconf 89' lang='lat' dir='ltr'>et</span> <span class='ocrx_word' id='word_1_201' title='bbox 871 1661 1058 1702; x_wconf 85' lang='lat' dir='ltr'>scedulae</span> <span class='ocrx_word' id='word_1_202' title='bbox 1098 1661 1297 1713; x_wconf 87' lang='lat' dir='ltr'>sigillatae</span> <span class='ocrx_word' id='word_1_203' title='bbox 1339 1661 1389 1702; x_wconf 89' lang='lat' dir='ltr'>ad</span> <span class='ocrx_word' id='word_1_204' title='bbox 1428 1661 1640 1703; x_wconf 87' lang='lat' dir='ltr'>arbitrium</span> <span class='ocrx_word' id='word_1_205' title='bbox 1677 1673 1818 1702; x_wconf 88' lang='lat' dir='ltr'>eorum</span> <span class='ocrx_word' id='word_1_206' title='bbox 1853 1659 1985 1700; x_wconf 88' lang='lat' dir='ltr'>adhuc</span> 
     </span>
     <span class='ocr_line' id='line_1_26' title="bbox 448 1715 1986 1770; baseline -0.003 -11"><span class='ocrx_word' id='word_1_207' title='bbox 448 1719 698 1760; x_wconf 86' lang='lat' dir='ltr'>scribendae</span> <span class='ocrx_word' id='word_1_208' title='bbox 692 1720 731 1767; x_wconf 82' lang='grc'>··),</span> <span class='ocrx_word' id='word_1_209' title='bbox 763 1718 928 1770; x_wconf 90' lang='lat' dir='ltr'>quibus,</span> <span class='ocrx_word' id='word_1_210' title='bbox 960 1717 1064 1757; x_wconf 89' lang='lat' dir='ltr'>sicut</span> <span class='ocrx_word' id='word_1_211' title='bbox 1093 1719 1260 1757; x_wconf 87' lang='lat' dir='ltr'>actenus</span> <span class='ocrx_word' id='word_1_212' title='bbox 1291 1717 1596 1758; x_wconf 89' lang='lat' dir='ltr'>consuetudinis</span> <span class='ocrx_word' id='word_1_213' title='bbox 1627 1729 1768 1757; x_wconf 89' lang='lat' dir='ltr'>eorum</span> <span class='ocrx_word' id='word_1_214' title='bbox 1797 1715 1885 1766; x_wconf 78' lang='lat' dir='ltr'>fuit,</span> <span class='ocrx_word' id='word_1_215' title='bbox 1914 1727 1986 1769; x_wconf 90' lang='lat' dir='ltr'>per</span> 
     </span>
     <span class='ocr_line' id='line_1_27' title="bbox 451 1772 1985 1827; baseline -0.002 -12"><span class='ocrx_word' id='word_1_216' title='bbox 451 1775 632 1827; x_wconf 88' lang='lat' dir='ltr'>singulas</span> <span class='ocrx_word' id='word_1_217' title='bbox 678 1774 892 1814; x_wconf 87' lang='lat' dir='ltr'>aecclesias</span> <span class='ocrx_word' id='word_1_218' title='bbox 929 1773 1138 1814; x_wconf 87' lang='lat' dir='ltr'>Teutonici</span> <span class='ocrx_word' id='word_1_219' title='bbox 1183 1773 1297 1825; x_wconf 88' lang='lat' dir='ltr'>regni</span> <span class='ocrx_word' id='word_1_220' title='bbox 1340 1774 1580 1826; x_wconf 90' lang='lat' dir='ltr'>conceptum</span> <span class='ocrx_word' id='word_1_221' title='bbox 1622 1772 1849 1825; x_wconf 88' lang='lat' dir='ltr'>iniquitatis</span> <span class='ocrx_word' id='word_1_222' title='bbox 1888 1783 1985 1812; x_wconf 87' lang='lat' dir='ltr'>suae</span> 
     </span>
     <span class='ocr_line' id='line_1_28' title="bbox 449 1828 1985 1883; baseline -0.002 -12"><span class='ocrx_word' id='word_1_223' title='bbox 449 1831 559 1871; x_wconf 90' lang='lat' dir='ltr'>virus</span> <span class='ocrx_word' id='word_1_224' title='bbox 595 1842 850 1883; x_wconf 89' lang='lat' dir='ltr'>respergere,</span> <span class='ocrx_word' id='word_1_225' title='bbox 891 1829 1036 1869; x_wconf 87' lang='lat' dir='ltr'>altaria</span> <span class='ocrx_word' id='word_1_226' title='bbox 1073 1829 1296 1878; x_wconf 91' lang='lat' dir='ltr'>denudare,</span> <span class='ocrx_word' id='word_1_227' title='bbox 1335 1841 1433 1870; x_wconf 89' lang='lat' dir='ltr'>vasa</span> <span class='ocrx_word' id='word_1_228' title='bbox 1468 1829 1614 1870; x_wconf 87' lang='lat' dir='ltr'>domus</span> <span class='ocrx_word' id='word_1_229' title='bbox 1651 1828 1727 1870; x_wconf 91' lang='lat' dir='ltr'>Dei</span> <span class='ocrx_word' id='word_1_230' title='bbox 1767 1830 1985 1882; x_wconf 89' lang='lat' dir='ltr'>asportare,</span> 
     </span>
     <span class='ocr_line' id='line_1_29' title="bbox 450 1883 1986 1938; baseline -0.002 -11"><span class='ocrx_word' id='word_1_231' title='bbox 450 1899 589 1927; x_wconf 90' lang='lat' dir='ltr'>cruces</span> <span class='ocrx_word' id='word_1_232' title='bbox 634 1886 833 1926; x_wconf 85' lang='lat' dir='ltr'>excoriare</span> <span class='ocrx_word' id='word_1_233' title='bbox 877 1885 1130 1934; x_wconf 88' lang='lat' dir='ltr'>nitebantur,</span> <span class='ocrx_word' id='word_1_234' title='bbox 1183 1898 1233 1925; x_wconf 92' lang='lat' dir='ltr'>ne</span> <span class='ocrx_word' id='word_1_235' title='bbox 1276 1886 1385 1925; x_wconf 90' lang='lat' dir='ltr'>ultra</span> <span class='ocrx_word' id='word_1_236' title='bbox 1427 1884 1668 1938; x_wconf 90' lang='lat' dir='ltr'>procedendi</span> <span class='ocrx_word' id='word_1_237' title='bbox 1710 1883 1883 1925; x_wconf 87' lang='lat' dir='ltr'>facultas</span> <span class='ocrx_word' id='word_1_238' title='bbox 1929 1883 1986 1924; x_wconf 90' lang='lat' dir='ltr'>eis</span> 
     </span>
     <span class='ocr_line' id='line_1_30' title="bbox 454 1939 1987 1993; baseline -0.002 -10"><span class='ocrx_word' id='word_1_239' title='bbox 454 1943 640 1991; x_wconf 90' lang='lat' dir='ltr'>daretur,</span> <span class='ocrx_word' id='word_1_240' title='bbox 679 1941 819 1982; x_wconf 90' lang='lat' dir='ltr'>eadem</span> <span class='ocrx_word' id='word_1_241' title='bbox 857 1953 938 1993; x_wconf 91' lang='lat' dir='ltr'>qua</span> <span class='ocrx_word' id='word_1_242' title='bbox 967 1944 1162 1982; x_wconf 88' lang='lat' dir='ltr'>venerant</span> <span class='ocrx_word' id='word_1_243' title='bbox 1191 1941 1256 1981; x_wconf 85' lang='lat' dir='ltr'>via</span> <span class='ocrx_word' id='word_1_244' title='bbox 1286 1941 1335 1982; x_wconf 90' lang='lat' dir='ltr'>ad</span> <span class='ocrx_word' id='word_1_245' title='bbox 1366 1941 1520 1982; x_wconf 88' lang='lat' dir='ltr'>Urbem</span> <span class='ocrx_word' id='word_1_246' title='bbox 1551 1953 1619 1981; x_wconf 91' lang='lat' dir='ltr'>eos</span> <span class='ocrx_word' id='word_1_247' title='bbox 1648 1940 1778 1981; x_wconf 90' lang='lat' dir='ltr'>redire</span> <span class='ocrx_word' id='word_1_248' title='bbox 1807 1939 1987 1981; x_wconf 84' lang='lat' dir='ltr'>fecimus.</span> 
     </span>
     <span class='ocr_line' id='line_1_31' title="bbox 453 1997 1988 2050; baseline -0.002 -11"><span class='ocrx_word' id='word_1_249' title='bbox 453 1999 678 2050; x_wconf 85' lang='lat' dir='ltr'>Cumque</span> <span class='ocrx_word' id='word_1_250' title='bbox 698 2010 787 2050; x_wconf 90' lang='lat' dir='ltr'>per</span> <span class='ocrx_word' id='word_1_251' title='bbox 817 1997 1124 2038; x_wconf 88' lang='lat' dir='ltr'>electionem</span> <span class='ocrx_word' id='word_1_252' title='bbox 1154 1997 1437 2050; x_wconf 91' lang='lat' dir='ltr'>principum</span> <span class='ocrx_word' id='word_1_253' title='bbox 1468 1997 1627 2037; x_wconf 89' lang='lat' dir='ltr'>asolo</span> <span class='ocrx_word' id='word_1_254' title='bbox 1648 1997 1750 2037; x_wconf 92' lang='lat' dir='ltr'>Deo</span> <span class='ocrx_word' id='word_1_255' title='bbox 1778 2007 1988 2049; x_wconf 89' lang='lat' dir='ltr'>regnum</span> 
     </span>
     <span class='ocr_line' id='line_1_32' title="bbox 453 2051 1988 2107; baseline -0.003 -12"><span class='ocrx_word' id='word_1_256' title='bbox 453 2056 502 2095; x_wconf 94' lang='lat' dir='ltr'>et</span> <span class='ocrx_word' id='word_1_257' title='bbox 531 2055 799 2107; x_wconf 92' lang='lat' dir='ltr'>imperium</span> <span class='ocrx_word' id='word_1_258' title='bbox 828 2055 1070 2093; x_wconf 90' lang='lat' dir='ltr'>nostrum</span> <span class='ocrx_word' id='word_1_259' title='bbox 1100 2053 1183 2102; x_wconf 90' lang='lat' dir='ltr'>sit,</span> <span class='ocrx_word' id='word_1_260' title='bbox 1214 2053 1373 2105; x_wconf 90' lang='lat' dir='ltr'>quiin</span> <span class='ocrx_word' id='word_1_261' title='bbox 1403 2054 1642 2106; x_wconf 85' lang='lat' dir='ltr'>passione</span> <span class='ocrx_word' id='word_1_262' title='bbox 1664 2051 1857 2093; x_wconf 87' lang='lat' dir='ltr'>Christi</span> <span class='ocrx_word' id='word_1_263' title='bbox 1886 2051 1988 2092; x_wconf 83' lang='lat' dir='ltr'>filii</span> 
     </span>
     <span class='ocr_line' id='line_1_33' title="bbox 454 2107 1990 2161; baseline -0.002 -11"><span class='ocrx_word' id='word_1_264' title='bbox 454 2111 535 2150; x_wconf 92' lang='lat' dir='ltr'>sui</span> <span class='ocrx_word' id='word_1_265' title='bbox 567 2110 770 2150; x_wconf 90' lang='lat' dir='ltr'>duobus</span> <span class='ocrx_word' id='word_1_266' title='bbox 802 2109 993 2160; x_wconf 86' lang='lat' dir='ltr'>gladiis</span> <span class='ocrx_word' id='word_1_267' title='bbox 1021 2109 1346 2149; x_wconf 90' lang='lat' dir='ltr'>necessariis</span> <span class='ocrx_word' id='word_1_268' title='bbox 1375 2109 1653 2161; x_wconf 89' lang='lat' dir='ltr'>regendum</span> <span class='ocrx_word' id='word_1_269' title='bbox 1682 2108 1851 2150; x_wconf 87' lang='lat' dir='ltr'>orbem</span> <span class='ocrx_word' id='word_1_270' title='bbox 1879 2107 1990 2148; x_wconf 88' lang='lat' dir='ltr'>sub-</span> 
     </span>
     <span class='ocr_line' id='line_1_34' title="bbox 454 2163 1990 2217; baseline -0.001 -11"><span class='ocrx_word' id='word_1_271' title='bbox 454 2165 603 2214; x_wconf 85' lang='lat' dir='ltr'>iecit,</span> <span class='ocrx_word' id='word_1_272' title='bbox 641 2177 814 2216; x_wconf 90' lang='lat' dir='ltr'>cumque</span> <span class='ocrx_word' id='word_1_273' title='bbox 843 2165 990 2205; x_wconf 83' lang='lat' dir='ltr'>Petrus</span> <span class='ocrx_word' id='word_1_274' title='bbox 1020 2165 1227 2217; x_wconf 89' lang='lat' dir='ltr'>apostolus</span> <span class='ocrx_word' id='word_1_275' title='bbox 1256 2165 1332 2205; x_wconf 89' lang='lat' dir='ltr'>hac</span> <span class='ocrx_word' id='word_1_276' title='bbox 1361 2165 1543 2205; x_wconf 88' lang='lat' dir='ltr'>doctrina</span> <span class='ocrx_word' id='word_1_277' title='bbox 1570 2164 1771 2205; x_wconf 90' lang='lat' dir='ltr'>mundum</span> <span class='ocrx_word' id='word_1_278' title='bbox 1798 2163 1990 2204; x_wconf 62' lang='lat' dir='ltr'>informae</span> 
     </span>
     <span class='ocr_line' id='line_1_35' title="bbox 454 2220 1990 2272; baseline -0.001 -10"><span class='ocrx_word' id='word_1_279' title='bbox 454 2222 573 2263; x_wconf 88' lang='lat' dir='ltr'>verit:</span> <span class='ocrx_word' id='word_1_280' title='bbox 633 2221 778 2261; x_wconf 84' lang='lat' dir='ltr'>‘Deum</span> <span class='ocrx_word' id='word_1_281' title='bbox 825 2220 982 2269; x_wconf 89' lang='lat' dir='ltr'>timete,</span> <span class='ocrx_word' id='word_1_282' title='bbox 1031 2232 1168 2272; x_wconf 88' lang='lat' dir='ltr'>regem</span> <span class='ocrx_word' id='word_1_283' title='bbox 1217 2220 1500 2270; x_wconf 86' lang='lat' dir='ltr'>honorificate‘‚</span> <span class='ocrx_word' id='word_1_284' title='bbox 1549 2220 1854 2272; x_wconf 85' lang='lat' dir='ltr'>quicumque</span> <span class='ocrx_word' id='word_1_285' title='bbox 1900 2231 1990 2260; x_wconf 90' lang='lat' dir='ltr'>nos</span> 
     </span>
     <span class='ocr_line' id='line_1_36' title="bbox 456 2276 1992 2340; baseline -0.001 -22"><span class='ocrx_word' id='word_1_286' title='bbox 456 2277 775 2340; x_wconf 90' lang='lat' dir='ltr'>imperialem</span> <span class='ocrx_word' id='word_1_287' title='bbox 804 2288 1035 2317; x_wconf 86' lang='lat' dir='ltr'>coronam</span> <span class='ocrx_word' id='word_1_288' title='bbox 1054 2289 1143 2328; x_wconf 90' lang='lat' dir='ltr'>pro</span> <span class='ocrx_word' id='word_1_289' title='bbox 1173 2276 1439 2317; x_wconf 89' lang='lat' dir='ltr'>beneficio</span> <span class='ocrx_word' id='word_1_290' title='bbox 1470 2276 1699 2317; x_wconf 90' lang='lat' dir='ltr'>adomno</span> <span class='ocrx_word' id='word_1_291' title='bbox 1726 2287 1859 2329; x_wconf 87' lang='lat' dir='ltr'>papa</span> <span class='ocrx_word' id='word_1_292' title='bbox 1886 2287 1992 2316; x_wconf 85' lang='lat' dir='ltr'>sus—</span> 
     </span>
     <span class='ocr_line' id='line_1_37' title="bbox 458 2331 1991 2386; baseline -0.002 -12"><span class='ocrx_word' id='word_1_293' title='bbox 458 2333 660 2386; x_wconf 90' lang='lat' dir='ltr'>cepisse</span> <span class='ocrx_word' id='word_1_294' title='bbox 718 2332 932 2381; x_wconf 88' lang='lat' dir='ltr'>dixerit,</span> <span class='ocrx_word' id='word_1_295' title='bbox 989 2331 1198 2372; x_wconf 84' lang='lat' dir='ltr'>divinae</span> <span class='ocrx_word' id='word_1_296' title='bbox 1247 2332 1582 2373; x_wconf 92' lang='lat' dir='ltr'>institutioni</span> <span class='ocrx_word' id='word_1_297' title='bbox 1632 2333 1682 2372; x_wconf 91' lang='lat' dir='ltr'>et</span> <span class='ocrx_word' id='word_1_298' title='bbox 1729 2331 1991 2372; x_wconf 88' lang='lat' dir='ltr'>doctrinae</span> 
     </span>
     <span class='ocr_line' id='line_1_38' title="bbox 455 2387 1992 2438; baseline -0.001 -8"><span class='ocrx_word' id='word_1_299' title='bbox 455 2389 601 2430; x_wconf 91' lang='lat' dir='ltr'>Petri</span> <span class='ocrx_word' id='word_1_300' title='bbox 641 2388 938 2429; x_wconf 88' lang='lat' dir='ltr'>contrarius</span> <span class='ocrx_word' id='word_1_301' title='bbox 978 2390 1057 2428; x_wconf 90' lang='lat' dir='ltr'>est</span> <span class='ocrx_word' id='word_1_302' title='bbox 1096 2390 1142 2428; x_wconf 93' lang='lat' dir='ltr'>et</span> <span class='ocrx_word' id='word_1_303' title='bbox 1172 2388 1424 2429; x_wconf 90' lang='lat' dir='ltr'>mendacii</span> <span class='ocrx_word' id='word_1_304' title='bbox 1453 2400 1570 2428; x_wconf 93' lang='lat' dir='ltr'>reus</span> <span class='ocrx_word' id='word_1_305' title='bbox 1601 2388 1708 2429; x_wconf 88' lang='lat' dir='ltr'>erit.</span> <span class='ocrx_word' id='word_1_306' title='bbox 1765 2387 1871 2438; x_wconf 83' lang='lat' dir='ltr'>Quia</span> <span class='ocrx_word' id='word_1_307' title='bbox 1898 2399 1992 2428; x_wconf 87' lang='lat' dir='ltr'>vero</span> 
     </span>
     <span class='ocr_line' id='line_1_39' title="bbox 458 2442 1993 2495; baseline -0.001 -9"><span class='ocrx_word' id='word_1_308' title='bbox 458 2447 625 2486; x_wconf 90' lang='lat' dir='ltr'>actenus</span> <span class='ocrx_word' id='word_1_309' title='bbox 664 2445 858 2484; x_wconf 89' lang='lat' dir='ltr'>honorem</span> <span class='ocrx_word' id='word_1_310' title='bbox 895 2456 942 2484; x_wconf 90' lang='lat' dir='ltr'>ac</span> <span class='ocrx_word' id='word_1_311' title='bbox 979 2444 1209 2484; x_wconf 89' lang='lat' dir='ltr'>libertatem</span> <span class='ocrx_word' id='word_1_312' title='bbox 1248 2444 1551 2492; x_wconf 87' lang='lat' dir='ltr'>aecclesiarum,</span> <span class='ocrx_word' id='word_1_313' title='bbox 1590 2456 1697 2495; x_wconf 89' lang='lat' dir='ltr'>quae</span> <span class='ocrx_word' id='word_1_314' title='bbox 1723 2443 1804 2484; x_wconf 89' lang='lat' dir='ltr'>iam</span> <span class='ocrx_word' id='word_1_315' title='bbox 1833 2443 1901 2484; x_wconf 88' lang='lat' dir='ltr'>diu</span> <span class='ocrx_word' id='word_1_316' title='bbox 1930 2442 1993 2483; x_wconf 87' lang='lat' dir='ltr'>in-</span> 
     </span>
     <span class='ocr_line' id='line_1_40' title="bbox 459 2499 1994 2552; baseline -0.001 -11"><span class='ocrx_word' id='word_1_317' title='bbox 459 2501 616 2542; x_wconf 89' lang='lat' dir='ltr'>debitae</span> <span class='ocrx_word' id='word_1_318' title='bbox 633 2499 839 2540; x_wconf 90' lang='lat' dir='ltr'>servitutis</span> <span class='ocrx_word' id='word_1_319' title='bbox 848 2501 878 2532; x_wconf 79' lang='lat' dir='ltr'>b)</span> <span class='ocrx_word' id='word_1_320' title='bbox 892 2500 987 2551; x_wconf 91' lang='lat' dir='ltr'>iugo</span> <span class='ocrx_word' id='word_1_321' title='bbox 1004 2499 1195 2552; x_wconf 89' lang='lat' dir='ltr'>depressa</span> <span class='ocrx_word' id='word_1_322' title='bbox 1210 2502 1282 2548; x_wconf 88' lang='lat' dir='ltr'>est,</span> <span class='ocrx_word' id='word_1_323' title='bbox 1299 2512 1324 2540; x_wconf 92' lang='lat' dir='ltr'>a</span> <span class='ocrx_word' id='word_1_324' title='bbox 1337 2512 1461 2540; x_wconf 90' lang='lat' dir='ltr'>manu</span> <span class='ocrx_word' id='word_1_325' title='bbox 1478 2499 1746 2552; x_wconf 83' lang='lat' dir='ltr'>Egyptiorum</span> <span class='ocrx_word' id='word_1_326' title='bbox 1761 2499 1994 2540; x_wconf 90' lang='lat' dir='ltr'>studuimus</span> 
     </span>
     <span class='ocr_line' id='line_1_41' title="bbox 461 2555 1996 2610; baseline -0.002 -12"><span class='ocrx_word' id='word_1_327' title='bbox 461 2558 612 2610; x_wconf 87' lang='lat' dir='ltr'>eripere</span> <span class='ocrx_word' id='word_1_328' title='bbox 651 2560 691 2596; x_wconf 91' lang='lat' dir='ltr'>et</span> <span class='ocrx_word' id='word_1_329' title='bbox 726 2556 862 2596; x_wconf 89' lang='lat' dir='ltr'>omnia</span> <span class='ocrx_word' id='word_1_330' title='bbox 897 2556 953 2596; x_wconf 92' lang='lat' dir='ltr'>eis</span> <span class='ocrx_word' id='word_1_331' title='bbox 990 2555 1236 2608; x_wconf 87' lang='lat' dir='ltr'>dignitatum</span> <span class='ocrx_word' id='word_1_332' title='bbox 1271 2568 1438 2597; x_wconf 88' lang='lat' dir='ltr'>suarum</span> <span class='ocrx_word' id='word_1_333' title='bbox 1475 2555 1565 2596; x_wconf 90' lang='lat' dir='ltr'>iura</span> <span class='ocrx_word' id='word_1_334' title='bbox 1601 2567 1835 2597; x_wconf 85' lang='lat' dir='ltr'>conservare</span> <span class='ocrx_word' id='word_1_335' title='bbox 1863 2555 1996 2596; x_wconf 89' lang='lat' dir='ltr'>inten-</span> 
     </span>
     <span class='ocr_line' id='line_1_42' title="bbox 459 2610 1996 2664; baseline -0.001 -11"><span class='ocrx_word' id='word_1_336' title='bbox 459 2613 603 2661; x_wconf 90' lang='lat' dir='ltr'>dimus,</span> <span class='ocrx_word' id='word_1_337' title='bbox 632 2611 938 2652; x_wconf 87' lang='lat' dir='ltr'>universitatem</span> <span class='ocrx_word' id='word_1_338' title='bbox 966 2613 1143 2653; x_wconf 87' lang='lat' dir='ltr'>vestram</span> <span class='ocrx_word' id='word_1_339' title='bbox 1172 2624 1294 2664; x_wconf 89' lang='lat' dir='ltr'>super</span> <span class='ocrx_word' id='word_1_340' title='bbox 1322 2613 1439 2652; x_wconf 90' lang='lat' dir='ltr'>tanta</span> <span class='ocrx_word' id='word_1_341' title='bbox 1467 2611 1688 2664; x_wconf 89' lang='lat' dir='ltr'>ignominia</span> <span class='ocrx_word' id='word_1_342' title='bbox 1706 2611 1820 2652; x_wconf 89' lang='lat' dir='ltr'>nobis</span> <span class='ocrx_word' id='word_1_343' title='bbox 1851 2612 1891 2652; x_wconf 92' lang='lat' dir='ltr'>et</span> <span class='ocrx_word' id='word_1_344' title='bbox 1918 2610 1996 2651; x_wconf 93' lang='lat' dir='ltr'>im-</span> 
     </span>
     <span class='ocr_line' id='line_1_43' title="bbox 458 2666 1996 2722; baseline -0.001 -13"><span class='ocrx_word' id='word_1_345' title='bbox 458 2669 567 2722; x_wconf 89' lang='lat' dir='ltr'>perio</span> <span class='ocrx_word' id='word_1_346' title='bbox 607 2668 816 2709; x_wconf 88' lang='lat' dir='ltr'>condolere</span> <span class='ocrx_word' id='word_1_347' title='bbox 845 2680 1055 2720; x_wconf 88' lang='lat' dir='ltr'>rogamus,</span> <span class='ocrx_word' id='word_1_348' title='bbox 1096 2669 1320 2721; x_wconf 88' lang='lat' dir='ltr'>sperantes,</span> <span class='ocrx_word' id='word_1_349' title='bbox 1358 2680 1409 2708; x_wconf 92' lang='lat' dir='ltr'>ne</span> <span class='ocrx_word' id='word_1_350' title='bbox 1438 2667 1632 2708; x_wconf 92' lang='lat' dir='ltr'>honorem</span> <span class='ocrx_word' id='word_1_351' title='bbox 1660 2667 1833 2720; x_wconf 88' lang='lat' dir='ltr'>imperii,</span> <span class='ocrx_word' id='word_1_352' title='bbox 1873 2666 1943 2719; x_wconf 91' lang='lat' dir='ltr'>qui</span> <span class='ocrx_word' id='word_1_353' title='bbox 1972 2678 1996 2706; x_wconf 88' lang='lat' dir='ltr'>a</span> 
     </span>
    </p>
   </div>
   <div class='ocr_carea' id='block_1_3' title="bbox 460 2788 1995 2882">
    <p class='ocr_par' dir='ltr' id='par_1_3' title="bbox 460 2788 1995 2882">
     <span class='ocr_line' id='line_1_44' title="bbox 575 2788 1995 2836; baseline -0.002 -11"><span class='ocrx_word' id='word_1_354' title='bbox 575 2792 608 2836; x_wconf 88' lang='lat' dir='ltr'>a)</span> <span class='ocrx_word' id='word_1_355' title='bbox 634 2791 841 2836; x_wconf 85' lang='lat' dir='ltr'>Blanquete;</span> <span class='ocrx_word' id='word_1_356' title='bbox 877 2790 1015 2824; x_wconf 88' lang='lat' dir='ltr'>scedula</span> <span class='ocrx_word' id='word_1_357' title='bbox 1049 2801 1092 2823; x_wconf 90' lang='lat' dir='ltr'>an</span> <span class='ocrx_word' id='word_1_358' title='bbox 1125 2790 1197 2823; x_wconf 86' lang='lat' dir='ltr'>sich</span> <span class='ocrx_word' id='word_1_359' title='bbox 1222 2789 1419 2823; x_wconf 89' lang='lat' dir='ltr'>bezeichnet</span> <span class='ocrx_word' id='word_1_360' title='bbox 1441 2789 1514 2823; x_wconf 89' lang='lat' dir='ltr'>eine</span> <span class='ocrx_word' id='word_1_361' title='bbox 1538 2789 1702 2822; x_wconf 85' lang='lat' dir='ltr'>Urkunde</span> <span class='ocrx_word' id='word_1_362' title='bbox 1726 2799 1790 2822; x_wconf 88' lang='lat' dir='ltr'>von</span> <span class='ocrx_word' id='word_1_363' title='bbox 1814 2788 1995 2822; x_wconf 81' lang='lat' dir='ltr'>kleinerem</span> 
     </span>
     <span class='ocr_line' id='line_1_45' title="bbox 460 2836 1079 2882; baseline -0.003 -10"><span class='ocrx_word' id='word_1_364' title='bbox 460 2839 639 2881; x_wconf 89' lang='lat' dir='ltr'>Umfange.</span> <span class='ocrx_word' id='word_1_365' title='bbox 689 2837 726 2882; x_wconf 88' lang='lat' dir='ltr'>b)</span> <span class='ocrx_word' id='word_1_366' title='bbox 751 2837 886 2871; x_wconf 81' lang='lat' dir='ltr'>Waitz:</span> <span class='ocrx_word' id='word_1_367' title='bbox 912 2836 1079 2870; x_wconf 82' lang='lat' dir='ltr'>sevitutis.</span> 
     </span>
    </p>
   </div>
   <div class='ocr_carea' id='block_1_4' title="bbox 2027 0 2098 634">
    <p class='ocr_par' dir='ltr' id='par_1_4' title="bbox 2027 0 2098 634">
     <span class='ocr_line' id='line_1_46' title="bbox 2027 0 2098 634; baseline 0 2798"><span class='ocrx_word' id='word_1_368' title='bbox 2027 0 2098 634; x_wconf 95' lang='lat' dir='ltr'> </span> 
     </span>
    </p>
   </div>
  </div>
 </body>
</html>
