2098 3432
435 271 491 312 92

1198 387 1201 421 Ι
1218 375 1323 422 rebus
1333 390 1369 422 et
1382 399 1519 432 corpore
1533 389 1605 424 sine
1621 390 1738 434 gracia
1754 366 1772 434 11Δ
1789 391 1970 437 οοιιᾱθιιψε·
1987 374 2030 422 ⁷³1¹

1220 433 1342 487 natus!
1381 435 1414 479 (ἓ
1453 437 1507 480 12)
1533 435 1718 479 Imperium
1755 437 1847 471 dicto
1885 437 1965 475 duci
1998 446 2018 462 *1

1218 479 1357 514 Austrie
1374 483 1492 515 contra
1512 492 1627 516 omnes
1647 493 1725 516 suos
1747 483 1966 519 iniuriatores

1219 526 1320 560 debet
1367 527 1524 562 auxiliari
1568 530 1603 562 et
1642 539 1836 564 succurrere
1875 528 1967 575 quod
2019 548 2022 549 ⁷

1217 572 1391 606 iusticiam
1417 573 1640 620 assequatur}
1669 575 1703 618 (ξ
1724 576 1779 617 13)
1794 574 1873 610 Dux
1896 575 1967 612 Au·-
2032 599 2055 623 3

1218 618 1301 652 strie
1334 618 1514 662 principali
1548 620 1693 654 amictus
1725 622 1821 655 ueste
1851 631 1966 665 super·

1142 684 1145 687 -
1217 664 1328 707 posito
1363 664 1474 699 ducali
1509 666 1611 709 pilleo
1636 666 1848 702 circumdato
1873 669 1965 703 serm

1217 710 1349 753 pinnito
1382 711 1542 745 baculum
1575 712 1704 746 habens
1736 712 1774 747 in
1805 713 1964 749 manibus

1217 767 1302 801 equo
1315 756 1468 791 assidens
1481 759 1516 791 et
1531 758 1670 801 insuper
1682 757 1700 802 lt
1716 769 1809 793 more
1821 758 1976 799 aliorum.
2044 804 2046 806 ¹

1218 802 1411 845 principum
1442 803 1576 847 imperii
1609 803 1793 839 conducere
1821 805 1865 840 ab
1901 805 1964 841 im-
2034 827 2059 838 κ.

1217 848 1308 891 perio
1342 848 1441 882 feoda
1475 860 1537 884 sua
1553 849 1678 894 debet]
1727 850 1761 894 (ὅ
1788 851 1844 894 14)
1867 850 1964 887 Dicti

1217 894 1313 928 ducis
1328 895 1608 930 institucionibus
1624 897 1660 930 et
1679 895 1965 932 destitucionibus

1216 940 1251 974 in
1286 941 1412 974 ducatu
1443 952 1503 975 suo
1527 942 1668 976 Austrie
1689 944 1743 977 est
1765 943 1964 986 parendum.

1215 989 1251 1020 et
1274 989 1386 1030 potest
1408 987 1445 1022 in
1468 988 1570 1022 terris
1587 988 1659 1022 suis
1673 987 1830 1023 omnibus
1846 991 1963 1025 tenere
2018 989 2023 998 ’

1215 1033 1333 1067 iudeos
1380 1035 1416 1067 et
1460 1033 1634 1068 usurarios
1682 1034 1836 1077 publicos
1877 1046 1962 1081 quos

1214 1079 1360 1123 Wulgus
1386 1081 1487 1114 uocat
1512 1079 1781 1115 Gawertschinss)
1804 1081 1878 1116 sine
1899 1081 1963 1117 im-

1214 1125 1299 1169 perii
1329 1126 1487 1160 molestia-
1518 1128 1554 1160 et
1588 1126 1725 1162 offensa.
1773 1128 1807 1172 (ἓ
1834 1129 1890 1170 15)
1917 1127 1964 1163 Si

1214 1171 1376 1216 quibus
1405 1172 1419 1216 Η
1449 1172 1568 1215 suisl
1598 1172 1738 1208 Curiis
1759 1173 1963 1218 publicis

1213 1217 1379 1262 imperii
1431 1218 1508 1252 dux
1554 1218 1737 1253 Austrie
1781 1230 1963 1264 presens

1213 1263 1358 1297 fuerit
1381 1275 1492 1298 vnus
1510 1264 1558 1298 de
1574 1264 1804 1309 palatinis
1821 1265 1964 1300 archi-

1213 1309 1404 1343 ducibus
1437 1312 1505 1344 est
1547 1310 1788 1346 censendus
1823 1313 1869 1346 et
1896 1313 1963 1347 ni-

1206 1355 1480 1390 chilominus
1506 1357 1548 1391 in
1573 1367 1790 1391 consessu
1821 1358 1962 1393 etin·

1212 1401 1334 1435 cess'u
1351 1402 1540 1436 adlatus
1558 1402 1760 1438 dextrum
1775 1403 1963 1450 Imperii

1213 1449 1310 1492 post
1349 1448 1569 1483 electores
1612 1449 1850 1495 principes
1888 1451 1962 1485 ob·

1212 1493 1358 1528 tineat
1381 1494 1570 1538 primum
1594 1495 1733 1529 locum
1757 1497 1792 1540 (ξ
1812 1497 1868 1539 16)
1892 1497 1960 1532 dux

1197 1539 1351 1574 -Austrie
1385 1540 1534 1575 donandi
1566 1543 1602 1575 et
1635 1541 1822 1586 deputandi
1849 1544 1960 1578 terras

1212 1596 1291 1620 suas
1315 1586 1514 1632 cuicumque
1537 1587 1685 1622 uoluerit
1707 1587 1834 1623 habere
1857 1588 1961 1624 debet

1210 1634 1416 1676 potestatem
1430 1633 1463 1677 lii
1473 1633 1597 1674 lberam
1613 1633 1649 1667 Si
1665 1633 1755 1679 quod
1780 1634 1873 1671 absit
1887 1635 1959 1671 sine

1209 1677 1391 1712 heredibus
1417 1679 1534 1714 liberis
1551 1679 1729 1714 decederet
1748 1691 1810 1716 nec
1831 1681 1869 1715 in
1894 1680 1961 1716 hoc

1210 1735 1270 1769 per
1299 1724 1478 1769 imperium
1504 1725 1606 1760 debet
1635 1726 1831 1771 aliqualiter
1854 1726 1960 1773 impe-

1210 1770 1276 1804 diri
1288 1769 1301 1816 Ι
1341 1773 1375 1815 (ξ
1397 1773 1451 1814 17)
1475 1771 1633 1806 Prefatus
1657 1783 1790 1818 quoque
1814 1773 1960 1809 ducatum

1209 1816 1348 1851 Austrie
1389 1817 1514 1852 habere
1554 1818 1656 1852 debet
1688 1819 1802 1853 omnia
1830 1821 1866 1854 et
1888 1819 1958 1855 sin·

1207 1863 1290 1906 gula
1313 1863 1389 1899 iura
1404 1864 1585 1908 priuilegia
1600 1866 1636 1898 et
1650 1864 1786 1900 indulta
1810 1876 1875 1911 que
1898 1867 1958 1901 ob-

1209 1909 1319 1943 tinere
1349 1910 1470 1954 reliqui
1502 1910 1716 1956 principatus
1745 1911 1880 1957 imperii
1905 1911 1957 1947 di-

1207 1956 1415 2001 noscuntur!
1449 1957 1482 2000 (ξ
1502 1958 1557 1998 18)
1581 1957 1800 1992 Volumus
1823 1958 1958 1993 eciam

1208 2003 1253 2034 ut
1297 2002 1332 2035 si
1381 2002 1626 2037 districtus
1661 2005 1709 2037 et
1745 2003 1958 2039 diciones

1209 2047 1318 2083 dicti
1355 2049 1370 2090 Η
1399 2048 1584 2083 ducatus
1618 2049 1832 2095 ampliati
1863 2050 1959 2086 fue-

1207 2094 1301 2129 rint
1324 2106 1371 2129 ex
1395 2095 1725 2130 hereditatibus
1743 2095 1958 2132 donacio-

1205 2141 1336 2175 nibus
1368 2141 1674 2186 empcionibus
1698 2141 1958 2196 deputacio-

1206 2187 1338 2221 nibus
1392 2187 1460 2221 uel
1529 2187 1794 2232 quibussu1s
1849 2189 1957 2224 aliis

1206 2233 1554 2268 deuolucionum
1586 2234 1956 2271 successionibus

1204 2280 1383 2324 prefata
1407 2279 1505 2313 iura
1538 2279 1784 2324 priuilegia
1814 2282 1860 2316 et
1889 2281 1958 2317 in-

1206 2325 1335 2360 dulta
1360 2325 1411 2359 ad
1437 2328 1720 2369 augmentum
1746 2326 1862 2362 dicti
1887 2327 1956 2363 do-

1205 2371 1331 2406 minii
1363 2371 1546 2406 Austrie
1577 2372 1784 2417 plenarie
1814 2373 1956 2408 refer-

632 2410 822 2453 Ceterum
851 2414 899 2454 ut
927 2413 1001 2455 hec
1029 2418 1168 2457 nostra
1207 2416 1394 2464 anturl*)
1430 2418 1477 2452 Et
1492 2421 1532 2452 ut
1555 2418 1618 2452 hee
1633 2420 1752 2453 nostra
1766 2418 1955 2464 imperialis

418 2465 637 2519 imperialis
677 2468 911 2511 constitutio
948 2471 1058 2512 omni
1096 2484 1168 2514 evo
1205 2464 1408 2498 constitucio
1425 2465 1516 2498 omni
1539 2475 1600 2499 euo
1622 2464 1722 2499 firma
1737 2465 1824 2500 etin
1841 2466 1860 2511 Η
1877 2476 1955 2502 con-

417 2525 507 2562 rata
517 2524 558 2563 et
575 2523 809 2566 inconvulsa
817 2529 1063 2578 permaneat,
1078 2524 1168 2582 pre‘-

1206 2510 1305 2544 uulsa
1319 2513 1516 2556 permaneat
1522 2510 1841 2555 presenteslitteras
1850 2512 1954 2548 scribi

1204 2558 1240 2590 et
1265 2556 1371 2600 sigilli
1395 2557 1503 2590 nostri
1522 2557 1732 2602 inpressione
1747 2557 1888 2594 fecimus
1903 2558 1954 2594 in-

1274 2633 1306 2674 a)
1331 2644 1396 2667 von
1422 2631 1561 2675 Cahors,
1588 2632 1664 2666 dem
1683 2631 1763 2666 Hau
1787 2631 1870 2666 tsitz
1894 2632 1954 2668 der

1204 2678 1523 2715 siidfranzosischen
1557 2643 1809 2713 Geldwechsller
1845 2677 1952 2724 (Kau-

1204 2724 1408 2759 derwelsche
1420 2726 1456 2769 Ι).

1273 2771 1304 2813 *)
1329 2771 1407 2815 Vgl.
1423 2770 1534 2805 damit
1551 2770 1606 2805 die
1619 2770 1724 2806 Stelle
1739 2770 1788 2805 im
1802 2770 1954 2816 Privileg

1202 2828 1265 2851 von
1285 2819 1393 2852 1228:
1416 2817 1469 2860 „si
1485 2817 1610 2862 aliquis
1621 2817 1723 2851 alicui
1735 2816 1870 2852 Ducum
1881 2816 1952 2852 Au-

1202 2863 1285 2898 strie
1309 2866 1345 2897 et
1371 2863 1503 2907 Styrie,
1536 2874 1736 2909 qua-cunque
1759 2865 1953 2899 censeretur
