2098 3432
1658 275 1742 316 229

196 391 245 441 e)
286 389 594 445 Eidesieisiunu
633 391 710 434 der
749 390 1030 459 kaiser-lichen
1071 391 1149 434 und
1190 390 1526 435 lombardischen
1559 389 1714 435 Bevoll-

649 516 757 559 <m
785 449 1096 561 GL'JZ?'}}'g⁹g‘f⁰}'13
1216 515 1255 558 f.)

88 608 114 642 ,ᾗ
163 629 177 645 ,,
280 591 332 634 111
370 591 536 633 nomine
575 591 734 634 domini
770 593 901 634 nostri
931 592 1036 634 Jesu
1066 591 1234 634 Christi.
1292 591 1634 647 Archiepiscopus
1666 592 1743 635 Co-

164 649 364 693 loniensis
394 650 437 690 et
467 648 718 691 Gualfredus
761 649 810 691 (16
840 649 1038 692 Plozasoa
1069 652 1111 691 et
1141 649 1360 691 Rainerius
1392 649 1442 691 de
1475 650 1627 692 Sancto
1656 650 1742 691 Na-

40 707 44 710 ’
112 718 126 756 -;;
151 707 276 755 furio
289 707 331 761 *)
374 719 423 748 ex
461 707 579 761 parte
618 707 879 760 imperatoris
916 706 1168 761 F(rideriei)‚
1212 709 1254 748 et
1294 719 1342 748 61(
1379 708 1497 761 parte
1535 708 1742 750 societatis

165 764 360 815 Albertus
391 763 441 805 de
473 763 683 806 Gambara
703 763 930 806 Brixiensis
961 766 1003 806 et
1025 763 1235 806 Gerardus
1257 763 1399 806 Pistus
1420 764 1741 806 Mediolanensis

138 820 407 879 rgiuraverunt
436 821 488 863 ad
519 822 665 863 saneta
694 821 771 862 Dei
803 821 1035 875 evangelia,
1082 821 1191 875 quod
1229 821 1459 863 secundum
1497 822 1636 864 brevia
1665 822 1744 864 im-

19 919 21 921 .
79 878 369 938 ᾗξϊῃθῐαῐοῐὶε
399 879 442 920 et
462 878 684 928 societatis,
714 879 926 928 firmando,
960 878 1159 928 addendo,
1191 878 1480 928 abstrahendo,
1511 880 1741 921 seeundum

92 940 141 990 1·{-‘s
163 932 276 992 qu'od
305 936 455 978 melius
486 935 544 978 eis
576 935 711 978 visum
736 935 874 986 tuerit,
904 937 1010 979 bona
1029 936 1109 978 fide
1133 937 1174 977 et
1195 936 1282 977 sine
1303 935 1448 978 fraude
1471 937 1522 978 ad
1543 937 1742 980 honorem

11 1041 15 1052 Ζ
159 992 243 1037 <Dei
271 993 579 1036 concordabunt
609 1006 674 1043 se,
713 1006 786 1048 per
825 994 935 1047 quod
966 993 1115 1035 melius
1144 1006 1225 1048 pax
1255 993 1343 1034 fieri
1372 994 1506 1048 possit
1536 998 1577 1036 et
1607 996 1738 1037 teneri

72 1068 92 1105 ’,ζ
162 1051 274 1095 inter
301 1051 440 1106 ipsum
470 1052 513 1092 et
542 1051 796 1093 Lombardos
828 1053 870 1093 et
889 1051 1150 1093 Marohiones
1182 1054 1308 1104 atque
1330 1051 1553 1093 Veneoiam
1579 1053 1620 1093 et
1649 1052 1741 1094 illos

76 1116 115 1166 jgg
147 1105 216 1157 ile
243 1108 512 1162 Romagnola‚
552 1109 624 1162 qui
670 1111 769 1150 sunt
798 1108 849 1150 de
880 1109 1092 1158 societate,
1131 1108 1280 1149 dehine
1308 1121 1443 1162 usque
1474 1109 1526 1150 ad
1556 1109 1740 1151 medium

78 1177 115 1221 ζ,ῖς
160 1164 350 1215 Hadium
379 1166 446 1208 vel
465 1165 518 1208 ad
541 1166 670 1208 alium
700 1165 927 1208 terminum
958 1178 1163 1208 consensu
1191 1165 1409 1219 utriusque
1430 1168 1559 1221 partis
1583 1167 1741 1208 datum.

54 1280 55 1285 ¹
79 1221 114 1279 '33
136 1230 141 1234 ’
161 1222 275 1267 Illud
301 1223 413 1266 idem
442 1224 580 1266 iurare
611 1223 734 1266 debet
766 1237 874 1266 unus
905 1224 955 1265 de
986 1223 1241 1277 Verona.**)

343 1339 390 1388 (Ι)
423 1338 759 1395 Schiedsspruch
791 1340 867 1384 der
897 1339 1077 1384 Konsuln
1108 1350 1188 1383 von
1222 1338 1551 1391 Kromona.***)

644 1407 751 1452 (Mon.
780 1406 896 1443 Germ.
922 1407 1014 1453 legg.
1040 1407 1088 1450 Π,
1118 1409 1183 1442 169
1210 1407 1261 1449 ff.)

278 1483 323 1519 In
354 1483 494 1518 nomine
525 1483 656 1518 domini
691 1484 803 1518 nostri
834 1483 920 1518 Jesu
958 1483 1102 1519 Christi.
1151 1482 1276 1518 Amen.
1325 1483 1404 1518 Nos
1428 1492 1559 1518 sumus
1583 1483 1624 1518 in
1650 1493 1740 1518 con-

0 1555 4 1558 >
162 1529 317 1578 mdia,
349 1530 450 1576 quod
474 1529 652 1567 civitates
677 1531 718 1567 et
742 1540 924 1577 persone,
958 1540 1031 1575 que
1057 1531 1148 1566 sunt
1171 1530 1213 1566 in
1237 1530 1422 1566 societate
1446 1529 1675 1566 Lombardic
1701 1531 1742 1566 et

162 1586 245 1615 ene
266 1577 538 1624 intelligimus,
562 1577 645 1614 sine
669 1578 806 1614 fraude
830 1578 951 1614 talem
978 1587 1110 1622 pacem
1136 1579 1177 1614 et
1201 1577 1445 1614 concordiam
1463 1577 1634 1613 habeant
1653 1587 1739 1613 cum

63 1642 92 1667 «ζ
162 1624 316 1663 &nino
338 1625 574 1670 imperatore
599 1625 817 1671 Freder‘ico,
842 1627 1074 1670 recuperata
1099 1625 1181 1660 eius
1206 1625 1362 1668 gratia:

283 1675 314 1709 1.
353 1673 405 1718 [2]
442 1673 637 1708 scilicet
663 1675 708 1707 ut
732 1673 989 1719 imperator
1013 1673 1186 1708 habeat
1210 1672 1327 1708 omm'a
1352 1672 1424 1713 illa,
1451 1683 1518 1717 que
1543 1672 1608 1706 sui
1627 1675 1740 1707 ante-

10 1758 13 1759 7
84 1739 88 1742 -
161 1730 359 1756 cessores
398 1720 654 1755 habuerunt
697 1732 718 1755 a
758 1721 996 1766 predictis
1029 1720 1314 1755 civitatibus
1349 1721 1395 1754 et
1428 1719 1637 1765 personis
1670 1721 1738 1754 vel

161 1766 258 1803 uuis
294 1768 682 1803 antecessoribus
716 1768 818 1803 sine
842 1768 1089 1802 manifesto
1123 1770 1219 1802 metu
1255 1769 1293 1802 et
1330 1767 1496 1802 violentia
1529 1777 1549 1800 a
1584 1768 1739 1813 tempore

160 1815 379 1862 postremi
403 1814 548 1850 Henriei
571 1815 805 1861 imperatoris,

279 1864 312 1898 2.
339 1862 416 1908 [12]
443 1862 484 1896 vi
495 1862 542 1898 de
551 1862 634 1897 lice
645 1864 661 1897 t
677 1862 813 1897 fodrum
834 1862 950 1908 regale
964 1864 1001 1897 et
1014 1864 1217 1897 consuetum
1233 1862 1304 1896 sive
1315 1863 1516 1896 consuetam
1529 1863 1690 1906 paratam
1719 1877 1737 1893 κ

160 1910 199 1945 et
221 1911 425 1946 consuetum
449 1909 641 1945 transitum
665 1911 702 1945 et
727 1909 904 1944 sufficiens
928 1911 1132 1945 mereatum.
1171 1909 1226 1944 Et
1251 1909 1389 1943 debet
1414 1907 1564 1942 transire
1582 1907 1736 1954 pacifice,

4 1934 6 1938 >
35 1933 67 1974 ’ΤΥ
122 1987 123 1990 ,
158 1957 214 1993 ita
237 1957 330 2004 quod
352 1957 391 1992 in
414 1957 618 2003 episcopatu
653 1957 706 1992 vel
742 1957 912 1992 comitatu
939 1957 1055 2003 aliquo
1082 1957 1342 1992 fraudulenta-m
1369 1967 1500 1990 moram
1526 1967 1592 1990 non
1619 1955 1733 1991 faciet.

159 2002 375 2040 Vaeealli
399 2015 484 2050 quo
497 2015 579 2058 que
603 2004 670 2039 fid
686 2005 903 2039 elitatem
929 2005 1197 2050 imperatori
1216 2005 1256 2039 et
1272 2002 1352 2038 fflio
1369 2002 1636 2056 eius-Hearico
1652 2003 1738 2046 regi

158 2049 293 2106 faci-ant
327 2053 365 2087 et
400 2051 654 2098 expedltionem
693 2063 714 2106 6
727 2054 744 2086 t
778 2052 793 2086 f
801 2063 822 2086 a
834 2052 956 2106 ciant
966 2081 974 2095 ,
1019 2052 1208 2105 secundum
1233 2051 1335 2133 guod
1370 2051 1464 2084 sollti
1499 2051 1583 2084 sunt
1615 2052 1652 2084 et
1683 2052 1738 2085 eet

160 2099 307 2146 antiqua
331 2099 556 2141 consuetudo,
568 2111 587 2129 ι
616 2110 762 2134 remissa
787 2111 881 2134 omni
909 2099 1107 2134 offensione.
1146 2098 1178 2134 A
1195 2098 1230 2134 ci
1270 2098 1341 2133 bns
1359 2106 1508 2142 quoque
1527 2097 1735 2132 secundum

2 2154 6 2158 ·
47 2143 106 2202 J
155 2143 285 2183 'fleme
308 2145 510 2182 civitatum
536 2145 763 2182 fidelitatem
796 2146 982 2191 suscipiat
1006 2146 1087 2190 ipse
1112 2147 1152 2182 et
1178 2145 1278 2180 lilius
1304 2145 1409 2201 eius?
1446 2144 1608 2180 remissa
1633 2144 1737 2200 omni

51 2214 85 2249 'ss
158 2191 390 2238 Moneg
414 2194 455 2230 et
479 2192 660 2230 similiter
683 2194 846 2230 remissa
879 2194 983 2229 omni
1016 2193 1222 2229 offensione
1257 2191 1480 2228 civitatibus
1514 2192 1555 2227 et
1578 2191 1672 2227 loels
1697 2193 1737 2227 et

269 2240 345 2287 nis,
369 2250 443 2286 que
468 2241 560 2277 sunt
584 2241 644 2277 vel
669 2241 829 2277 ruerunt
852 2251 903 2277 ex
928 2242 1040 2286 parte
1065 2240 1326 2285 imperatoris.

275 2291 308 2324 3.
336 2289 412 2334 [13]
438 2287 590 2333 Regalia
613 2299 710 2332 vero,
743 2300 809 2335 que
842 2300 903 2335 per
936 2300 1015 2324 eum
1049 2289 1102 2323 vel
1139 2290 1373 2323 antecessores
1399 2287 1474 2321 eius
1500 2287 1572 2320 tam
1599 2285 1735 2320 clericis

8 2352 12 2353 ⁷
46 2329 123 2383 J'¹
159 2344 264 2384 quam
289 2335 391 2371 laicis
415 2335 558 2371 fuerunt
582 2336 726 2371 detenta
750 2338 787 2371 et
819 2347 880 2382 per
917 2336 1032 2382 ipsum
1072 2347 1132 2370 seu
1170 2338 1406 2370 antecessores
1443 2334 1518 2368 eius
1556 2333 1735 2375 investita,

56 2394 90 2438 ,ᾗ
158 2381 276 2429 quiete
309 2381 471 2418 dimittat
500 2394 565 2418 nec
597 2383 640 2418 de
674 2385 788 2418 cetero
812 2383 993 2429 impediat.
1043 2382 1184 2420 Cetera
1210 2391 1309 2418 'vero
1346 2381 1498 2424 regalia
1534 2381 1734 2426 consueta,

277 2514 310 2560 *)
335 2515 408 2550 Der
431 2517 561 2551 erstere
590 2518 646 2551 ein
670 2516 819 2551 Turiner
844 2515 1006 2562 Capitan‘,
1048 2516 1109 2550 der
1140 2516 1284 2550 letztere
1317 2515 1371 2550 ein
1398 2514 1534 2559 Biirger
1559 2527 1588 2550 v.
1617 2515 1732 2549 Pavia.

252 2561 306 2607 **)
333 2561 420 2598 Cozo
445 2575 476 2598 v.
500 2563 648 2599 Verona.
699 2564 732 2599 S.
761 2564 816 2598 die
841 2564 927 2598 oben
954 2564 1092 2598 citierte
1120 2563 1227 2598 Stelle
1253 2574 1316 2597 aus
1343 2563 1442 2602 Boso,
1469 2562 1542 2596 Vit.
1569 2561 1684 2596 Alex.!

230 2608 306 2653 ***)
329 2609 416 2645 Was
449 2611 609 2646 wortlich
643 2622 706 2646 aus
742 2611 820 2646 dem
846 2610 1200 2654 Friedensvorschlag
1237 2610 1298 2644 der
1328 2609 1547 2644 Lombarden
1572 2609 1735 2643 heriiber-

52 2647 59 2678 s'
156 2665 360 2702 gmommen
386 2658 523 2693 worden
548 2658 613 2702 ist,
651 2658 700 2693 ist
725 2658 836 2693 durch
861 2658 1050 2693 leichteren
1076 2658 1195 2692 Druck
1229 2656 1542 2702 gekennzeichnet‚
1580 2656 1643 2690 das
1667 2655 1734 2690 mit

299 2703 395 2739 icher
425 2705 680 2751 Veranderung
709 2706 1095 2750 Heriibergenommeno
1130 2705 1178 2739 ist
1211 2704 1246 2739 in
1271 2705 1474 2749 gesperrten
1499 2703 1642 2738 Lettern
1675 2714 1734 2747 ge-

154 2749 278 2795 geben.
327 2751 395 2787 Ein
420 2752 612 2788 Sternchen
637 2753 821 2788 innerhalb
848 2753 909 2787 des
933 2753 1123 2787 leichteren
1141 2752 1279 2786 Drucks
1304 2751 1397 2795 zeigt
1421 2762 1476 2792 an,
1503 2750 1585 2784 dass
1611 2761 1654 2784 an
1673 2750 1734 2784 der

37 2822 45 2829 ν,
74 2825 94 2827 -ν
153 2797 393 2842 betreffenden
409 2799 518 2835 Stelle
533 2811 599 2835 von
616 2800 727 2835 seiten
746 2800 807 2835 der
820 2800 1053 2835 Kremonesen
1069 2799 1270 2844 gestrichen
1288 2798 1425 2833 worden
1443 2798 1501 2834 ist.
1526 2797 1593 2831 Die
1606 2797 1734 2831 Ziffern

59 2864 95 2895 2²
154 2842 196 2880 in
219 2845 263 2890 []
288 2845 496 2882 bezeichnen
530 2847 586 2883 die
610 2847 873 2894 einsehlagigen
898 2846 1037 2882 Artikel
1070 2847 1118 2882 im
1142 2844 1515 2890 Friedensvorsehlage
1547 2844 1608 2879 der
1632 2844 1732 2879 Lom-

155 2891 299 2929 bardan.
