2098 3432
434 290 488 331 80

434 401 656 452 Augustus,
686 400 851 440 filialem
872 399 1125 440 dilectionem
1155 401 1195 440 et
1225 399 1402 440 debitam
1430 399 1473 439 in
1502 398 1662 440 Christo
1691 398 1970 439 reverentiam.

432 456 559 508 Regie
603 455 829 496 maiestatis
877 455 1052 508 dignitas
1093 455 1291 509 postulat,
1337 467 1414 506 que
1455 454 1504 494 ad
1541 454 1649 507 pacis
1689 456 1730 494 et
1764 453 1971 495 concordie

437 513 587 552 bonum
634 513 815 564 spectare
844 514 1087 560 noscuntur,
1132 513 1289 551 attenta
1319 510 1585 551 sollicitudine
1617 510 1812 559 stabilire,
1856 511 1898 550 et
1924 512 1973 550 ut

437 569 542 608 inter
581 580 753 620 regnum
793 569 833 607 et
862 567 1131 608 sacerdotium
1161 566 1428 607 indissolubili
1458 566 1626 606 caritate
1656 566 1807 606 bonum
1835 565 1972 619 ipsum

436 626 631 677 perpetuo
661 625 901 676 perseveret,
932 623 1115 676 diligenti
1146 622 1278 663 studio
1310 624 1350 662 et
1382 624 1522 662 exacta
1551 621 1761 673 diligentia
1779 621 1973 662 laborare.

437 679 570 720 Huius
610 679 748 731 itaque
787 679 954 720 rationis
990 680 1206 732 prospectu
1243 677 1495 719 concordiam
1525 677 1693 718 inferius
1725 678 1974 726 annotatam,

436 748 514 787 que
543 735 649 776 inter
678 748 750 776 nos
782 737 822 775 et
851 747 942 784 vos,
974 739 1134 776 auctore
1166 735 1259 783 deo,
1288 735 1444 775 statuta
1473 741 1553 782 est,
1586 733 1690 773 sicut
1720 733 1769 774 ab
1797 734 1972 784 utraque

435 793 549 845 parte
583 791 761 832 stabilita
790 794 851 831 est
881 793 921 831 et
951 791 1150 839 ordinata,
1189 803 1246 830 ne
1285 789 1493 841 aliquid
1534 789 1754 830 arbitrio
1794 790 1975 829 nostro

436 849 710 887 immutass
727 859 747 887 e
776 847 1065 896 videamur,
1095 859 1166 900 per
1196 846 1335 887 eadem
1356 846 1477 886 verba
1497 844 1696 898 presentis
1717 844 1817 885 serie
1838 844 1974 898 scripti

437 903 682 956 precipimus
713 903 907 943 annotari.

547 959 596 999 In
635 959 797 999 nomine
827 958 979 999 domini
1007 960 1147 999 Amen.
1206 958 1293 998 Hec
1323 958 1386 998 est
1415 956 1622 997 concordie
1651 955 1782 996 forma
1811 957 1852 996 et
1881 967 1974 996 con-

438 1015 635 1055 ventionis
665 1015 770 1055 inter
791 1015 1000 1055 dominum
1026 1026 1175 1067 papam
1197 1013 1427 1066 Eugenium
1449 1015 1490 1053 et
1510 1012 1719 1052 dominum
1738 1011 1976 1053 Federicum

441 1071 718 1111 Romanorum
746 1071 1043 1123 imperatorem,
1074 1070 1295 1111 constituta
1323 1069 1595 1110 mediantibus
1617 1067 1809 1120 Gregorio
1839 1069 1976 1108 sancte

441 1127 567 1168 Marie
612 1127 923 1176 Transtiberim,
957 1126 1146 1167 Hubaldo
1189 1128 1326 1167 sancte
1356 1124 1567 1172 PraxediS,
1605 1123 1811 1164 Bernardo
1849 1123 1978 1164 sancti

445 1182 682 1231 Clementis,
715 1182 936 1224 Octaviano
967 1185 1103 1223 sancte
1135 1182 1293 1230 Cecihe,
1323 1181 1521 1222 Rollando
1553 1179 1680 1220 sancti
1709 1179 1848 1228 Marci,
1878 1178 1979 1220 Gre-

445 1239 554 1291 gorio
585 1238 715 1279 sancti
745 1239 899 1290 Augen,
932 1238 1114 1280 Guidone
1146 1239 1282 1278 sancte
1303 1237 1429 1278 Marie
1460 1238 1501 1277 in
1531 1235 1695 1276 Porticu
1726 1236 1766 1276 et
1785 1235 1975 1276 Brunone

446 1295 602 1335 Abbate
633 1294 681 1335 de
703 1294 925 1335 Claravalle
957 1307 1003 1335 ex
1032 1295 1147 1347 parte
1178 1293 1327 1334 domini
1356 1305 1480 1346 pape;
1511 1291 1702 1332 Anselmo
1731 1303 1824 1332 vero
1860 1290 1979 1332 Avel-

444 1350 648 1403 bergensi,
685 1350 919 1391 Hermanno
950 1349 1250 1392 Constantiensi
1288 1349 1514 1402 Episcopis‚
1557 1346 1740 1388 Olderico
1777 1346 1825 1387 de
1855 1346 1980 1388 Zenz-

442 1407 591 1455 burch,
633 1406 815 1447 Guidone
854 1406 1011 1448 Guerra
1050 1409 1090 1446 et
1129 1405 1312 1447 Guidone
1350 1403 1635 1444 Blandratensi
1671 1402 1894 1444 Comitibus
1933 1414 1980 1443 ex

441 1465 556 1516 parte
599 1462 750 1503 domini
779 1463 914 1515 Regis.
971 1462 1171 1502 Dominus
1212 1461 1411 1514 siquidem
1446 1461 1532 1501 Rex
1571 1471 1700 1500 unum
1737 1458 1785 1500 de
1823 1458 1982 1500 maio-

441 1519 582 1559 ribus
612 1518 905 1559 ministralibus
934 1518 1048 1570 regni
1086 1518 1205 1558 faciet
1240 1517 1282 1564 in
1322 1516 1456 1558 anima
1495 1515 1600 1568 regis
1629 1514 1780 1564 iurare,
1817 1517 1858 1556 et
1893 1514 1978 1568 ipse

441 1575 602 1628 propria
641 1587 767 1615 manu
805 1575 900 1615 data
937 1575 1014 1615 fide
1054 1574 1096 1614 in
1132 1585 1256 1614 manu
1287 1573 1430 1625 Legati
1470 1571 1620 1613 domini
1653 1582 1755 1624 pape
1782 1570 1978 1623 promisit,

443 1630 548 1683 quod
570 1631 653 1683 ipse
683 1643 757 1671 nec
785 1634 982 1682 treugam,
1011 1642 1086 1670 nec
1116 1642 1256 1683 pacem
1285 1629 1407 1670 faciet
1435 1641 1528 1669 cum
1548 1626 1753 1675 Romanis,
1782 1638 1857 1667 nec
1886 1638 1979 1667 cum

443 1687 614 1739 Rogerio
636 1686 770 1727 Sicilie
800 1687 885 1727 sine
914 1687 1038 1727 libero
1070 1698 1266 1726 consensu
1297 1688 1337 1726 et
1365 1685 1571 1725 voluntate
1591 1683 1774 1724 Romane
1804 1682 1979 1732 ecclesie,

442 1745 483 1783 et
512 1742 662 1783 domini
681 1755 783 1796 pape
803 1742 976 1794 Eugenii
996 1742 1060 1783 vel
1090 1753 1367 1782 successorum
1389 1753 1565 1788 suorum,
1596 1739 1665 1791 qui
1684 1741 1865 1779 tenorem
1885 1739 1980 1779 sub-

446 1799 593 1852 scripte
634 1799 840 1839 concordie
886 1811 979 1840 cum
1009 1798 1149 1839 eodem
1179 1797 1390 1838 Frederico
1421 1799 1557 1837 tenere
1587 1794 1804 1843 voluerint,
1841 1796 1882 1835 et
1907 1806 1980 1848 pro

442 1855 594 1896 viribus
626 1855 821 1895 loborabit
850 1855 1054 1895 Romanos
1086 1853 1301 1906 subiugare
1342 1853 1502 1893 domino
1539 1863 1662 1906 pape,
1701 1849 1806 1891 sicut
1832 1849 1979 1891 melius

440 1923 637 1962 umquam
659 1910 825 1951 fuerunt
845 1923 869 1951 a
892 1914 1056 1951 centum
1074 1913 1181 1950 retro
1199 1910 1326 1950 annis.
1356 1909 1561 1949 Honorem
1575 1907 1748 1960 papatus
1765 1909 1806 1947 et
1827 1906 1981 1958 regalia

441 1967 548 2007 beati
578 1967 688 2007 Petri
726 1967 830 2008 sicut
868 1967 1036 2007 devotus
1079 1967 1119 2006 et
1156 1966 1338 2019 specialis
1377 1965 1593 2006 advocatus
1633 1963 1770 2004 sancte
1797 1961 1979 2003 Romane

442 2023 606 2063 ecclesie
628 2024 767 2063 contra
786 2035 925 2064 omnes
946 2022 1129 2063 homines
1149 2035 1220 2075 pro
1236 2034 1352 2074 posse
1370 2033 1442 2062 suo
1458 2019 1710 2061 conservabit
1727 2019 1768 2058 et
1783 2017 1979 2067 defendet,

442 2091 520 2131 que
550 2091 658 2119 nunc
686 2079 830 2126 habet;
863 2091 940 2131 que
967 2091 1060 2119 vero
1089 2091 1198 2119 nunc
1226 2090 1307 2118 non
1337 2077 1468 2126 habet,
1498 2086 1734 2129 recuperare
1762 2086 1834 2127 pro
1862 2085 1980 2127 posse

440 2135 604 2183 iuvabit,
623 2136 662 2175 et
678 2138 916 2188 recuperata
931 2134 1128 2175 defendet.
1146 2134 1366 2175 Grecorum
1383 2145 1542 2185 quoque
1557 2131 1643 2184 regi
1657 2130 1814 2171 nullam
1829 2130 1980 2170 terram

441 2192 483 2231 in
521 2191 600 2231 ista
628 2194 742 2244 parte
782 2192 906 2232 maris
944 2190 1156 2238 concedet;
1196 2189 1303 2242 quod
1343 2189 1377 2230 si
1411 2189 1513 2230 forte
1551 2188 1619 2228 ille
1659 2185 1871 2235 invaserit,
1908 2197 1980 2239 pro

441 2247 590 2288 viribus
620 2247 751 2299 regni,
791 2250 942 2300 quanto
982 2246 1099 2287 citius
1136 2247 1303 2299 poterit,
1342 2245 1477 2298 ipsum
1507 2245 1632 2285 eicere
1671 2241 1838 2284 curabit.
1894 2241 1982 2282 Hec

442 2303 578 2344 omnia
607 2303 728 2343 faciet
757 2304 798 2344 et
826 2302 1054 2344 observabit
1084 2302 1169 2342 sine
1198 2301 1338 2342 fraude
1369 2304 1409 2342 et
1437 2300 1543 2341 malo
1572 2298 1744 2352 ingenio.

555 2359 754 2399 Dominus
794 2371 887 2400 vero
924 2370 1030 2412 papa
1067 2357 1282 2411 apostolice
1321 2356 1573 2398 auctoritatis
1610 2355 1730 2396 verbo
1769 2365 1853 2394 una
1888 2365 1981 2393 cum

443 2415 635 2468 predictis
666 2414 950 2456 Cardinalibus
987 2414 1029 2454 in
1067 2413 1271 2467 presentia
1307 2414 1621 2466 prescriptorum
1656 2411 1884 2463 legatorum
1913 2407 1982 2449 do-

444 2472 542 2511 mini
574 2470 698 2523 Regis
738 2471 923 2523 promisit
962 2474 1002 2510 et
1038 2469 1281 2518 observabit,
1321 2469 1428 2521 quod
1468 2481 1562 2509 eum
1593 2468 1697 2508 sicut
1724 2464 1982 2505 karissimum

443 2527 550 2567 beati
581 2526 691 2566 Petri
722 2527 849 2566 filium
879 2526 1112 2575 honorabit,
1150 2527 1190 2566 et
1218 2526 1448 2566 venientem
1477 2537 1548 2577 pro
1579 2534 1721 2564 corone
1751 2532 1823 2561 sue
1852 2520 1981 2574 pleni-

443 2583 584 2623 tudine
606 2582 690 2623 sine
713 2582 948 2623 difficultate
971 2583 1010 2622 et
1040 2581 1364 2629 contradictione,
1398 2593 1521 2632 quam
1551 2592 1643 2620 cum
1673 2576 1840 2630 imperio
1870 2577 1942 2625 est,
1954 2578 1980 2609 ¹²)

443 2639 737 2692 Imperatorem
758 2638 974 2686 coronabit,
1005 2641 1045 2678 et
1068 2637 1118 2678 ad
1146 2636 1495 2678 manutenendum
1527 2637 1648 2688 atque
1679 2631 1912 2684 augendum
1942 2634 1983 2672 et

445 2694 699 2735 dilatandum
719 2695 912 2735 honorem
932 2694 1090 2747 imperii
1110 2705 1181 2746 pro
1212 2693 1345 2734 debito
1375 2692 1494 2733 officii
1525 2691 1588 2732 sui
1616 2689 1792 2736 iuvabit3
1824 2690 1865 2728 et
1895 2687 1983 2740 qui-

555 2823 592 2857 a)
627 2818 724 2852 Statt
755 2818 866 2851 dieser
897 2815 1220 2849 unverstandlichen
1251 2814 1370 2847 Worte
1402 2814 1448 2847 ist
1483 2812 1684 2847 vermutlich
1717 2809 1804 2845 auch
1837 2809 1912 2844 hier
1940 2821 1980 2844 zu

440 2865 550 2899 lesen:
576 2867 744 2909 quantum
770 2864 805 2898 in
830 2863 903 2908 ipso
928 2864 990 2896 est.
