2098 3432
438 332 522 373 230

439 451 510 485 que
548 441 703 476 fuerunt
741 440 895 475 detenta
932 439 980 473 ab
1018 437 1316 474 antecessoribus
1352 437 1432 472 eius
1461 437 1540 472 sine
1574 437 1772 471 manifesto
1802 438 1906 472 metu
1933 438 1974 474 et

439 487 620 522 violentia
645 497 668 520 a
692 487 862 528 tempore
888 485 1067 528 postremi
1092 484 1193 526 regis
1217 483 1388 527 Henriei‚
1413 483 1552 518 habeat
1576 484 1615 517 et
1635 484 1779 517 tenent.

554 536 584 567 4.
613 534 682 575 [153
697 533 732 574 3]
771 531 829 564 Sin
867 534 981 564 autem
1007 531 1048 564 de
1074 530 1297 575 predictis
1332 529 1444 563 rebus
1479 529 1538 563 vel
1571 528 1656 563 aliis
1680 528 1972 572 quibuscumque

439 581 515 612 orta
552 578 654 611 suerit
690 577 862 610 eontentio
900 577 991 610 inter
1027 577 1264 620 imperatorem
1301 578 1337 608 et
1370 575 1528 608 civitates
1560 577 1595 608 et
1626 574 1700 607 loca
1732 576 1767 608 et
1802 585 1972 618 personas,

439 625 632 667 eligantur
656 633 723 657 sex
747 622 836 657 boni
860 622 930 656 viri
956 624 995 657 et
1018 622 1157 665 idonei,
1189 623 1268 655 tres
1292 630 1339 655 ex
1366 622 1474 663 parte
1498 620 1738 663 imperatoris
1762 622 1802 654 et
1824 621 1903 654 tres
1925 629 1973 655 ex

439 672 547 713 parte
574 670 811 703 civitatum
838 669 901 701 vel
927 669 1078 701 civitatis
1104 668 1153 701 vel
1180 668 1326 700 locorum
1354 667 1404 700 vel
1430 677 1580 711 persone,
1606 677 1696 699 cum
1722 677 1798 710 quo
1816 666 1882 700 vel
1898 675 1974 700 cnm

439 728 507 760 qua
539 716 678 749 civitate
713 715 896 758 imperator
930 714 1180 748 contentionem
1216 713 1384 747 babuerit.
1441 712 1510 757 Qui
1535 722 1622 756 sex,
1654 711 1872 747 iureiurando
1903 722 1975 756 pre-

440 762 535 803 stito,
561 771 713 795 causam
739 760 845 794 illam
870 760 1090 795 examinent
1114 761 1154 794 et
1178 759 1215 792 in
1242 758 1439 793 veritatem
1454 782 1465 802 ‚
1501 759 1612 801 prout
1636 757 1769 792 melius
1795 757 1974 803 poterint,

439 807 636 851 inquirant
675 808 714 841 et
756 806 861 840 illam
901 816 1053 840 causam
1091 805 1191 840 bona
1228 805 1298 839 lide
1340 806 1379 838 et
1410 804 1489 839 sine
1522 804 1654 838 fraude
1686 803 1888 848 diffiniant,
1921 805 1974 849 ct,

440 854 538 897 quod
563 853 747 896 dixerint,
773 852 821 886 ab
846 853 1008 894 utraque
1034 853 1141 894 parte
1166 852 1344 885 teneatur
1368 851 1407 884 et
1430 850 1615 884 firmetur.

559 903 588 933 5.
617 899 667 942 [4]
698 912 715 928 ψ
730 898 776 931 Et
792 898 992 931 nominatim
1013 898 1157 930 liceat
1180 896 1406 941 predictis
1425 896 1699 929 civitatibus
1715 897 1760 929 et
1775 895 1975 940 personis

441 945 645 989 singulis
671 945 794 977 habere
819 944 1033 977 consulatum
1059 943 1117 977 vel
1142 943 1366 985 potestatem
1396 953 1485 976 more
1509 942 1620 980 solito.
1646 942 1708 975 sub
1734 952 1800 986 quo
1823 941 1976 975 homines

440 992 509 1025 eiu
520 1003 535 1024 s
552 991 704 1024 civitatis
722 991 761 1024 et
777 989 857 1024 eius
877 989 1113 1032 episcopatus
1137 990 1176 1023 et
1194 988 1355 1022 districti
1374 1000 1408 1020 sc
1421 987 1645 1022 conveniant
1657 988 1697 1022 et
1709 987 1921 1031 distringant
1933 987 1976 1022 ad

442 1037 610 1071 iustitiam
638 1036 826 1070 faciendam
853 1037 893 1070 et
928 1035 1116 1078 punienda
1146 1034 1308 1077 delicta,
1345 1034 1546 1067 secundum
1581 1033 1678 1076 quod
1707 1044 1731 1067 a
1760 1033 1976 1068 civitatibus

441 1084 629 1117 statutum
655 1083 713 1117 est
737 1082 793 1116 vel
821 1082 956 1116 fuerit:
995 1081 1051 1115 ita
1075 1081 1171 1123 quod
1198 1080 1362 1123 predicte
1389 1080 1560 1114 civitates
1585 1080 1624 1114 et
1655 1089 1810 1122 persone
1834 1078 1884 1114 ab
1905 1079 1976 1114 im-

442 1130 631 1172 peratore,
665 1128 728 1171 qui
756 1138 823 1171 pro
847 1129 1016 1170 tempore
1042 1128 1099 1161 est
1123 1127 1179 1161 vel
1206 1126 1295 1171 erit,
1320 1126 1377 1160 vel
1403 1126 1451 1160 ab
1476 1125 1555 1160 eius
1571 1125 1683 1159 misso
1697 1125 1737 1159 in
1754 1124 1978 1160 Lombardia

442 1185 508 1218 pro
533 1175 613 1218 ipso
638 1174 837 1208 consulatu
862 1173 920 1208 vel
946 1174 1131 1216 potestate
1156 1172 1271 1207 semel
1296 1172 1558 1206 investituram
1583 1171 1772 1214 accipiant
1795 1180 1863 1214 pro
1877 1180 1976 1206 com-

441 1221 545 1255 muni
570 1220 749 1255 civitatis.
798 1220 853 1253 Et
883 1220 1020 1253 liceat
1050 1219 1268 1263 predictis
1300 1218 1581 1251 civitatibus
1613 1219 1655 1251 et
1678 1217 1883 1262 personis
1907 1217 1978 1251 vel

442 1267 695 1301 rectoribus
729 1277 875 1299 earum
907 1266 1122 1308 colligere
1156 1265 1319 1298 fodrum
1347 1266 1389 1297 et
1414 1265 1562 1297 facere
1587 1263 1747 1297 eoltam
1772 1265 1815 1297 et
1837 1263 1978 1297 omnia

442 1314 550 1355 alia,
589 1313 711 1346 sicut
747 1313 1102 1353 consueverunt,
1140 1310 1220 1344 sine
1254 1310 1503 1353 prohibitione
1536 1309 1776 1352 imperatoris
1807 1309 1866 1344 vel
1897 1309 1978 1344 elus

442 1359 567 1403 missi,
608 1358 710 1393 salvo
755 1358 905 1392 domino
949 1356 1171 1400 imperatori
1207 1356 1288 1391 iure
1300 1358 1328 1389 a-)
1364 1355 1661 1399 appellationum
1698 1356 1738 1390 et
1773 1355 1902 1390 ordine
1937 1355 1975 1390 in

442 1405 655 1440 sententiis.

556 1455 587 1485 ὅ.
630 1452 703 1494 [714]
750 1450 1021 1484 Consuetudines
1062 1460 1193 1493 quoque
1238 1451 1274 1482 et
1310 1448 1588 1489 commoditates,
1627 1459 1711 1492 quas
1751 1447 1909 1481 civita-tes
1944 1449 1980 1481 et

443 1498 596 1531 homines
632 1497 673 1530 de
699 1496 861 1530 societate
886 1496 1010 1529 habere
1035 1496 1283 1529 consueverunt
1320 1495 1355 1527 in
1382 1494 1528 1539 pascuiS,
1561 1493 1820 1538 piscationibus,
1855 1493 1980 1528 molen-

442 1544 544 1582 dinis,
572 1543 691 1583 furnis,
717 1542 847 1575 tabulis
872 1542 1119 1575 cambiatorum
1146 1543 1182 1574 et
1205 1541 1470 1583 negoeiatormn,
1504 1540 1668 1581 macellis,
1701 1539 1869 1581 domibus,
1893 1550 1979 1584 quas

442 1590 572 1623 habent
596 1589 774 1622 adificatas
800 1588 833 1621 in
861 1588 924 1621 viis
960 1587 1107 1632 publicis
1135 1602 1165 1629 e,
1198 1589 1234 1620 et
1267 1589 1398 1620 ceteras
1432 1586 1693 1620 consuetudines
1726 1586 1886 1630 antiquas
1916 1585 1980 1619 eis-

442 1636 518 1669 dem
545 1635 744 1668 civitatibus
769 1636 805 1667 ct
829 1634 1023 1667 ouniibusb)
1050 1633 1090 1666 de
1116 1633 1278 1666 societate
1303 1632 1417 1676 quiete
1443 1633 1567 1666 habere
1591 1633 1627 1666 et
1650 1634 1764 1666 tenere
1788 1631 1978 1676 permittat.

560 1685 591 1715 Τ.
616 1681 824 1715 Praeterea
848 1679 1020 1714 dominus
1052 1679 1262 1722 imperator
1285 1678 1429 1712 nullam
1460 1678 1697 1713 exactionem
1722 1677 1981 1720 pecuniariam

441 1727 582 1762 habeat
614 1727 652 1761 in
684 1726 902 1761 civitatibus
936 1725 1127 1760 societatis
1160 1725 1217 1759 vcl
1242 1724 1432 1759 suburbiis
1456 1724 1652 1758 civitatum
1677 1723 1735 1759 vel
1760 1723 1799 1757 in
1824 1723 1979 1759 civibus.

557 1777 588 1808 8.
637 1774 688 1816 [6]
738 1773 825 1806 Item
877 1772 1034 1805 dominus
1070 1772 1256 1816 imperator
1292 1771 1450 1804 remittat
1485 1773 1521 1804 et-
1558 1770 1689 1804 remitti
1725 1770 1831 1804 faciat
1865 1780 1981 1804 omnes

443 1821 588 1854 offensas
613 1822 648 1853 et
672 1819 850 1860 maleficia,
886 1830 950 1863 que
985 1819 1101 1862 aliqua
1125 1818 1355 1862 predictarum
1381 1817 1561 1850 civitatum
1586 1816 1636 1850 vel
1663 1815 1788 1861 aliquis
1811 1816 1904 1850 locus
1928 1816 1981 1850 vel

443 1866 594 1900 marchio
619 1866 669 1899 vel
688 1876 798 1898 comes
834 1865 902 1898 vel
936 1864 1091 1908 aliqua
1124 1875 1317 1907 persona
1341 1863 1473 1896 huius
1499 1863 1747 1896 societatis
1772 1873 1982 1907 quocumque

444 1915 603 1957 tempore,
646 1922 859 1956 quacumque
896 1911 1069 1944 occasione
1106 1910 1136 1944 ei
1179 1910 1227 1942 vel
1267 1909 1407 1954 imperio
1432 1909 1483 1942 vel
1510 1909 1611 1942 alicui
1637 1919 1696 1942 sue
1721 1908 1830 1953 partis
1854 1909 1981 1943 fecerit}

559 1961 590 1992 9.
619 1959 669 2001 [7]
698 1957 743 1990 Et
768 1957 871 1990 liceat
896 1957 1059 2001 predictis
1094 1956 1304 1997 civitatibus,
1330 1955 1414 1989 locis
1438 1957 1474 1988 et
1498 1954 1650 1999 personis
1675 1954 1880 1988 munitiones
1904 1954 1983 1988 civi-

444 2007 555 2038 tatum
581 2006 617 2037 et
641 2006 830 2037 castrorum
856 2005 892 2036 et
926 2003 1043 2036 eadem
1069 2002 1213 2036 castella
1237 2002 1362 2035 habere
1387 2004 1422 2035 et
1446 2003 1561 2035 tenere
1586 2003 1622 2034 et
1644 2001 1785 2034 meliora
1816 2001 1924 2034 facere
1948 2002 1984 2034 et

445 2062 530 2084 nova
565 2050 723 2084 edificare
761 2052 797 2082 et
831 2049 985 2091 reficere,
1025 2049 1128 2082 salvis
1165 2048 1444 2081 conventionibus
1480 2050 1516 2081 et
1551 2047 1738 2080 concordiis
1764 2047 1925 2081 Cremone
1949 2048 1984 2080 et

444 2097 589 2130 aliarum
623 2096 800 2129 civitatum
836 2097 871 2128 et
903 2106 1122 2139 personarum
1156 2097 1191 2128 et
1223 2095 1369 2127 locorum
1397 2094 1486 2127 inter
1511 2105 1546 2126 se
1570 2093 1671 2126 factis
1697 2093 1736 2128 et
1760 2092 1982 2127 nominatim

445 2142 558 2176 salvis
583 2141 891 2176 conventionibus
916 2142 956 2175 et
980 2141 1100 2184 pactis
1125 2141 1170 2175 de
1196 2140 1331 2175 Crema
1355 2150 1429 2173 non
1454 2139 1705 2174 restauranda
1728 2139 1768 2174 ct
1790 2138 1836 2174 de
1860 2138 1984 2173 muni-

446 2188 616 2223 cionibus
641 2189 680 2222 et
704 2187 839 2222 castris
863 2187 966 2222 inter
990 2187 1120 2221 oleum
1146 2188 1185 2221 et
1208 2185 1353 2220 Aduam
1390 2195 1463 2220 non
1488 2185 1689 2230 faciendis,
1727 2184 1839 2219 sicuti
1863 2184 1983 2219 conti-

446 2236 559 2269 netur
583 2234 662 2268 sine
690 2234 820 2268 fraude
846 2233 885 2267 in
911 2233 1118 2276 privilegiis
1143 2234 1182 2267 et
1207 2233 1324 2267 cartis
1341 2231 1647 2267 Cremonensium
1673 2231 1714 2266 et
1729 2241 1752 2265 a
1769 2230 1985 2266 civitatibus

446 2282 485 2316 et
509 2280 558 2314 ab
583 2280 811 2323 imperatore
837 2279 907 2314 sibi
934 2279 1057 2314 factis.

567 2330 617 2361 10.
645 2328 718 2369 [10]
746 2326 832 2359 Item
859 2325 1049 2359 sententiae
1075 2336 1180 2369 usque
1197 2324 1296 2358 modo
1313 2336 1334 2357 a
1350 2324 1546 2358 consulibus
1563 2323 1741 2357 civitatum
1761 2334 1819 2356 seu
1836 2323 1983 2357 loc-emm

447 2373 516 2406 sive
542 2384 562 2406 a
587 2372 771 2417 praedictis
796 2372 949 2416 personis
983 2372 1033 2405 vel
1071 2371 1260 2404 rectoribus
1294 2371 1385 2404 latae
1419 2381 1480 2404 nec
1512 2369 1739 2414 appellatione
1770 2369 1829 2404 vel
1857 2368 1987 2412 aliqua

447 2418 622 2460 legitima
658 2417 954 2453 contradictione
991 2428 1192 2461 suspensae,
1232 2417 1283 2450 vel
1314 2417 1342 2449 si
1375 2427 1475 2460 super
1499 2427 1637 2449 causam
1664 2415 1903 2460 appellationis
1927 2415 1985 2450 vel

447 2464 756 2499 contradictionis
790 2465 881 2497 latae
905 2464 1051 2505 suerint,
1090 2463 1206 2496 firmae
1232 2464 1470 2506 permaneant,
1508 2464 1543 2495 et
1567 2464 1607 2495 ut
1628 2461 1669 2495 de
1694 2461 1893 2495 criminibus
1917 2461 1984 2495 iam

447 2511 638 2545 commissis
663 2510 852 2544 criminalis
877 2510 1050 2543 accusatio
1075 2520 1140 2543 non
1166 2509 1238 2543 fiat.

568 2560 619 2591 112
647 2558 698 2600 [5]
724 2557 811 2590 Item
839 2556 995 2589 dominus
1019 2556 1204 2600 imperator
1231 2555 1395 2588 restituat
1419 2566 1534 2587 omnes
1559 2553 1787 2598 possessiones
1812 2555 1848 2586 et
1873 2553 1986 2587 onmia

453 2604 529 2637 iura
554 2603 755 2637 civitatibus
779 2604 815 2636 et
840 2602 922 2636 locis
947 2615 965 2631 ie
1017 2604 1052 2635 et
1076 2602 1233 2635 omnibus
1258 2601 1426 2645 personis,
1462 2612 1526 2644 que
1551 2601 1634 2633 sunt
1657 2599 1699 2633 de
1724 2599 1896 2640 societate,
1922 2610 1986 2644 que

450 2650 644 2683 habuerunt
667 2650 707 2683 ct
729 2649 958 2693 tenuerunt,
993 2647 1024 2681 si
1051 2657 1117 2690 per
1150 2647 1416 2690 imperatorem
1449 2646 1506 2681 vel
1531 2646 1611 2681 eius
1637 2645 1812 2679 nuntium
1836 2645 1895 2680 vel
1919 2654 1988 2688 per

449 2695 712 2738 interpositam
751 2703 947 2737 personam
985 2694 1176 2728 occasione
1215 2693 1272 2726 sui
1310 2692 1426 2727 banni
1462 2692 1521 2727 rel
1553 2701 1617 2726 sue
1650 2690 1905 2726 malivolentie
1927 2690 1986 2726 vel

449 2741 565 2776 aliter
589 2741 689 2775 malo
714 2740 842 2775 ordine
868 2740 1091 2774 amiserunt.
1152 2739 1336 2774 Similiter
1372 2738 1545 2773 civitates
1576 2739 1614 2772 et
1645 2737 1728 2772 loca
1763 2737 1803 2771 et
1832 2746 1987 2780 persone

449 2787 642 2822 societatis
675 2786 883 2822 restituant
915 2795 1043 2821 onmes
1077 2785 1324 2829 possessiones
1356 2786 1395 2819 et
1426 2785 1511 2819 iura
1544 2782 1766 2826 imperatori
1790 2783 1849 2817 vel
1873 2782 1987 2818 alicui

566 2884 599 2922 a)
626 2879 725 2912 Pertz
743 2879 812 2912 und
829 2878 991 2922 Vignati:
1017 2878 1079 2913 ius.
1118 2878 1153 2922 b)
1172 2877 1392 2911 hominibus?
