2098 3432
44 846 62 895 ζ
135 847 248 884 vitato
270 845 488 882 terminetur.

44 363 46 365 Ι
71 388 74 390 ·
133 376 222 422 [33.]
257 373 294 409 Si
331 371 470 419 quando
495 371 630 405 contro·
673 370 761 414 [36.]
801 368 848 403 Et
879 368 910 402 si
947 378 1016 413 qua
1041 368 1176 402 contro·

132 422 246 459 versia.
260 421 302 456 de
317 419 420 455 feudo
435 419 514 453 orta
529 417 636 452 fuerit
672 416 784 451 versia
803 415 845 450 de
858 414 960 450 feudo
977 415 1055 449 orta
1071 413 1178 448 fuerit

22 451 33 470 A*
47 464 60 492 ⁵,
132 471 226 508 inter
265 467 443 503 dominum
489 465 635 510 impera·
671 463 765 498 inter
810 462 987 497 dominum
1030 461 1178 507 impera-

55 524 59 525 ’
133 519 245 554 torem
275 517 313 551 et
342 514 461 556 alium,
495 511 554 558 qui
589 511 638 546 sit
672 513 784 546 torem
818 512 854 545 et
887 509 1007 552 alium,
1045 508 1106 554 qui
1130 508 1180 542 sit

135 564 179 600 de
214 562 401 604 societate,
438 570 499 606 per
535 569 637 603 pares
675 558 718 593 de
755 557 941 600 societate,
978 566 1040 601 per
1077 566 1178 601 pares

90 623 91 626 ’
135 610 232 648 illius
262 608 418 645 civitatis
447 609 484 642 et
508 606 636 652 episco-
672 605 770 640 illius
811 603 967 639 civitatis
1017 602 1069 637 vel
1110 602 1180 648 epi·

134 659 252 707 potua,
287 656 326 692 in
361 666 431 702 qua
463 653 639 689 discordia
674 654 850 698 scopatus,
872 651 910 686 in
925 662 992 697 quo
1007 649 1182 684 discordia

136 705 266 752 agitur,
290 702 480 740 secundum
497 711 638 736 consue·
676 699 805 744 agitur,
831 698 1022 734 secundum
1039 707 1181 732 consue-

59 750 62 754 ’
135 752 295 789 tudinem
344 748 554 786 Lombardie
602 747 639 782 in
673 746 832 782 tudinem
879 745 976 780 illius
1026 743 1181 779 civitatis

132 799 258 836 ‘eodem
290 798 491 845 episcopatu
524 797 561 830 et
592 795 639 829 ci·
674 794 713 829 in
738 793 857 828 eodem
883 792 1084 838 episcopatu
1114 793 1182 826 ter-

675 841 849 884 minetur,
895 839 969 875 nisi
1006 838 1183 874 dominus

674 887 889 934 imperator
901 887 942 922 in
951 885 1184 922 Lombardia

677 935 819 981 ruerit3
845 935 940 970 tunc
965 933 1067 970 enim
1081 932 1183 979 apud

676 983 818 1030 ipsum,
843 981 876 1018 si
890 981 964 1017 sibi
975 979 1183 1027 placuerit,

678 1040 796 1066 causa
821 1028 1052 1072 agitabitur.

683 1356 771 1400 [37.]
822 1354 923 1389 Item
972 1350 1189 1387 volentibus

680 1402 811 1438 venire
867 1401 1004 1436 eontra
1057 1398 1188 1445 pacta,

681 1460 758 1485 non
770 1458 841 1496 per
850 1446 1074 1484 violentiam
1085 1445 1190 1481 facta

661 1466 665 1555 1
683 1498 722 1533 et
739 1495 960 1532 iuramento
970 1499 999 1529 a>
1016 1493 1188 1539 firmata,

682 1545 787 1580 inter
811 1542 1007 1579 civitatem
1033 1541 1073 1576 et
1097 1540 1189 1576 civi-

682 1593 806 1628 tatem
819 1588 1015 1626 societatis
1027 1587 1088 1623 vel
1098 1587 1190 1623 elvi-

684 1640 807 1675 tatem
825 1636 1020 1673 societatis
1037 1636 1077 1672 et
1093 1634 1192 1670 alias

683 1695 867 1733 personas
873 1687 919 1731 b),
930 1683 1106 1719 dominus
1117 1682 1190 1717 im-

685 1734 844 1781 perator
867 1730 1104 1767 audientiam
1124 1739 1191 1765 ne-

687 1781 810 1825 gabit.

689 1945 777 1990 [38.]
803 1943 904 1978 Item
931 1939 1107 1976 dominus
1119 1938 1193 1974 im-

687 2041 771 2075 tam
824 2034 1107 2074 Veronensibus
1155 2033 1197 2069 et

689 2084 919 2122 nominatim
942 2081 1105 2128 recipiet
1128 2081 1195 2116 do-

691 2276 837 2312 mittet.

688 2352 783 2398 [39]
833 2350 882 2386 In
925 2347 1074 2394 causis,
1125 2355 1199 2391 que

692 2398 903 2436 terminate
960 2396 1051 2431 sunt
1107 2394 1200 2429 ante

693 2448 846 2493 tempus
869 2443 990 2491 pacis,
1025 2441 1201 2478 dominus

694 2493 908 2540 imperator
921 2488 1200 2537 appellationes

695 2542 746 2578 ad
754 2551 795 2577 se
804 2540 928 2576 saetas
939 2547 1016 2573 uon
1024 2535 1201 2582 recipiet.

157 2645 411 2691 Bedingungen
430 2640 661 2677 unterwerfen
699 2616 780 2682 Μ,11)
805 2635 908 2670 Pertz
932 2632 1007 2667 und
1036 2630 1204 2676 Vignati:

158 2696 309 2728 missen.
696 2684 906 2720 iuramenta.
935 2679 1016 2725 Vgl.
1042 2678 1120 2714 Art.
1139 2677 1202 2713 35!

743 2731 781 2777 b)
806 2727 973 2775 Vignati:
999 2738 1076 2772 p..
1098 2753 1106 2761 .

689 2134 838 2169 minum
852 2130 1047 2167 Ecssinum
1059 2129 1101 2164 in
1113 2128 1195 2175 ple·
1224 2112 1447 2167 recipimus

690 2180 906 2217 nitudinem
922 2176 1048 2222 gratie
1068 2185 1136 2212 sue
1157 2176 1198 2211 et
1224 2171 1268 2212 in
1283 2168 1556 2225 plenitudiem
1572 2167 1729 2222 gratiae

691 2238 842 2265 omnem
867 2225 1050 2262 Offensam
1075 2223 1111 2260 ΘῘ
1134 2232 1198 2259 1⁸0·
1226 2230 1392 2270 nosssrae
1424 2229 1466 2268 et
1486 2238 1652 2268 omnem
1673 2223 1732 2266 of.

1619 249 1703 291 283

1264 366 1331 408 36.
1361 365 1416 406 Et
1438 364 1470 406 si
1499 376 1582 418 qua
1613 376 1711 405 con-

1205 422 1406 466 troversia
1421 422 1471 464 de
1486 421 1608 463 feudo
1620 422 1711 462 orta

1206 480 1332 523 fuerit
1380 480 1489 521 inter
1535 491 1612 520 nos
1670 480 1711 520 et

1209 539 1349 588 alium,
1381 537 1453 591 qui
1483 536 1538 579 sit
1567 535 1617 578 de
1648 548 1712 578 so-

1208 596 1369 645 cietate,
1410 607 1484 649 per
1512 605 1634 648 pares
1663 593 1713 634 il-

1207 653 1290 695 lius
1321 651 1499 695 civitatis
1533 651 1600 693 vel
1630 651 1714 705 epi-

1210 712 1417 765 scopatus,
1446 709 1490 750 in
1521 722 1601 763 quo
1632 707 1715 750 dis—

1210 768 1350 811 cordia
1380 767 1529 821 agitur,
1569 778 1715 808 secun-

1211 825 1313 868 dum
1371 824 1715 875 consuetudinem

1210 883 1323 925 illius
1355 882 1534 924 civitatis
1573 881 1616 923 in
1648 893 1716 923 eo-

1212 941 1307 982 dem
1353 940 1590 994 episcopatu
1634 939 1717 980 ter-

1211 998 1414 1047 minetur,
1458 996 1539 1039 nisi
1567 1008 1644 1038 nos
1673 995 1716 1037 in

1213 1054 1462 1098 Lombardia
1491 1054 1716 1102 fuerimus;

1198 1115 1316 1163 Ltunc
1331 1112 1495 1155 enimin
1506 1111 1717 1154 audientia

1198 1166 1376 1221 mostra,
1413 1169 1448 1211 si
1482 1168 1600 1212 nobis
1629 1168 1718 1223 pla—

1215 1228 1359 1278 cuerit,
1390 1239 1515 1269 causa
1545 1226 1720 1280 agitabi-

1217 1289 1297 1328 tur.

1275 1345 1342 1386 37.
1362 1343 1471 1384 Item
1487 1341 1719 1384 volentibus

1218 1401 1356 1444 venire
1401 1401 1545 1442 contra
1587 1400 1721 1454 pacta.

1219 1472 1302 1501 non
1351 1470 1424 1513 per
1482 1457 1722 1500 violentiam

1218 1516 1330 1559 facta
1389 1517 1432 1557 et
1489 1515 1722 1557 iuramento

1219 1574 1395 1623 firmata,
1444 1572 1554 1615 inter
1582 1571 1724 1614 civita-

1219 1634 1308 1674 tem
1348 1632 1390 1673 et
1419 1630 1630 1672 civitatem
1660 1642 1725 1671 so-

1222 1689 1384 1732 cietatis
1419 1688 1484 1730 vel
1514 1687 1724 1730 civitatem

1223 1751 1264 1789 et
1294 1747 1396 1789 alias
1426 1757 1624 1800 personas
1661 1757 1725 1786 so-

1222 1804 1395 1855 cietatis,
1438 1815 1514 1846 nos
1556 1802 1726 1845 audien-

1221 1863 1326 1905 tiam
1356 1860 1664 1915 denegabimus.

1282 1940 1348 1981 38.
1377 1938 1486 1980 Item
1511 1950 1587 1979 nos
1608 1936 1726 1978 resti-

669 1991 845 2038 ἸΡΜἭΜ
878 1988 1060 2024 restituet
1091 1987 1194 2022 stra-
1223 1997 1383 2039 tuimus
1405 1998 1581 2038 stratam
1601 1994 1728 2036 Vero-

1224 2054 1422 2097 nensibus
1433 2055 1474 2096 et
1482 2051 1729 2095 nominatim

1512 2109 1729 2152 Ezelinum

1226 2285 1388 2328 sensam
1410 2284 1447 2326 ei
1467 2282 1731 2326 remittimus.
