<?xml version="1.0" encoding="UTF-8"?>
<!DOCTYPE html PUBLIC "-//W3C//DTD XHTML 1.0 Transitional//EN"
    "http://www.w3.org/TR/xhtml1/DTD/xhtml1-transitional.dtd">
<html xmlns="http://www.w3.org/1999/xhtml" xml:lang="en" lang="en">
 <head>
  <title>
</title>
<meta http-equiv="Content-Type" content="text/html;charset=utf-8" />
  <meta name='ocr-system' content='tesseract 3.04.00' />
  <meta name='ocr-capabilities' content='ocr_page ocr_carea ocr_par ocr_line ocrx_word'/>
</head>
<body>
  <div class='ocr_page' id='page_1' title='image "./monumentagermani04doebuoft_0308.png"; bbox 0 0 2098 3432; ppageno 0'>
   <div class='ocr_carea' id='block_1_1' title="bbox 415 354 1948 534">
    <p class='ocr_par' dir='ltr' id='par_1_1' title="bbox 415 354 1948 534">
     <span class='ocr_line' id='line_1_1' title="bbox 416 354 499 393; baseline 0 -1"><span class='ocrx_word' id='word_1_1' title='bbox 416 354 499 393; x_wconf 78' lang='lat'>294</span> 
     </span>
     <span class='ocr_line' id='line_1_2' title="bbox 415 462 1948 534; baseline 0.005 -18"><span class='ocrx_word' id='word_1_2' title='bbox 415 462 509 517; x_wconf 65' lang='grc' dir='ltr'>[ΙΙΙ.</span> <span class='ocrx_word' id='word_1_3' title='bbox 528 463 888 518; x_wconf 81' lang='lat' dir='ltr'>Provinzialfriede</span> <span class='ocrx_word' id='word_1_4' title='bbox 906 464 974 519; x_wconf 82' lang='lat' dir='ltr'>ffir</span> <span class='ocrx_word' id='word_1_5' title='bbox 987 465 1305 528; x_wconf 73' lang='lat' dir='ltr'>ltheini&#39;ranken⁹</span> <span class='ocrx_word' id='word_1_6' title='bbox 1322 465 1611 534; x_wconf 74' lang='lat' dir='ltr'>weissenburg</span> <span class='ocrx_word' id='word_1_7' title='bbox 1625 467 1685 522; x_wconf 85' lang='lat'>18.</span> <span class='ocrx_word' id='word_1_8' title='bbox 1703 466 1819 522; x_wconf 76' lang='lat' dir='ltr'>Febr.</span> <span class='ocrx_word' id='word_1_9' title='bbox 1842 468 1948 524; x_wconf 72' lang='lat'>1179.</span> 
     </span>
    </p>
   </div>
   <div class='ocr_carea' id='block_1_2' title="bbox 658 541 1710 588">
    <p class='ocr_par' dir='ltr' id='par_1_2' title="bbox 658 541 1710 588">
     <span class='ocr_line' id='line_1_3' title="bbox 658 541 1710 588; baseline 0.004 -14"><span class='ocrx_word' id='word_1_10' title='bbox 658 541 829 584; x_wconf 71' lang='lat' dir='ltr'>(Bohmer,</span> <span class='ocrx_word' id='word_1_11' title='bbox 854 541 944 575; x_wconf 82' lang='lat' dir='ltr'>Acta</span> <span class='ocrx_word' id='word_1_12' title='bbox 968 542 1107 586; x_wconf 86' lang='lat' dir='ltr'>Imperii</span> <span class='ocrx_word' id='word_1_13' title='bbox 1131 542 1264 576; x_wconf 85' lang='lat' dir='ltr'>Selecta</span> <span class='ocrx_word' id='word_1_14' title='bbox 1289 542 1316 584; x_wconf 93' lang='lat' dir='ltr'>I,</span> <span class='ocrx_word' id='word_1_15' title='bbox 1346 546 1409 577; x_wconf 89' lang='lat'>139</span> <span class='ocrx_word' id='word_1_16' title='bbox 1434 543 1468 586; x_wconf 88' lang='lat' dir='ltr'>f.,</span> <span class='ocrx_word' id='word_1_17' title='bbox 1494 555 1544 578; x_wconf 89' lang='lat' dir='ltr'>nr.</span> <span class='ocrx_word' id='word_1_18' title='bbox 1575 545 1665 586; x_wconf 85' lang='lat'>138.)</span> <span class='ocrx_word' id='word_1_19' title='bbox 1679 544 1710 588; x_wconf 90' lang='lat'>*)</span> 
     </span>
    </p>
   </div>
   <div class='ocr_carea' id='block_1_3' title="bbox 408 615 1953 2236">
    <p class='ocr_par' dir='ltr' id='par_1_3' title="bbox 411 615 1953 1284">
     <span class='ocr_line' id='line_1_4' title="bbox 555 615 1953 673; baseline 0.004 -18"><span class='ocrx_word' id='word_1_20' title='bbox 555 615 785 656; x_wconf 87' lang='lat' dir='ltr'>Fridericus</span> <span class='ocrx_word' id='word_1_21' title='bbox 829 615 894 656; x_wconf 92' lang='lat' dir='ltr'>dei</span> <span class='ocrx_word' id='word_1_22' title='bbox 943 616 1078 668; x_wconf 77' lang='lat' dir='ltr'>gracia</span> <span class='ocrx_word' id='word_1_23' title='bbox 1120 617 1400 658; x_wconf 87' lang='lat' dir='ltr'>Romanorum</span> <span class='ocrx_word' id='word_1_24' title='bbox 1447 617 1665 670; x_wconf 88' lang='lat' dir='ltr'>imperator</span> <span class='ocrx_word' id='word_1_25' title='bbox 1708 619 1750 659; x_wconf 92' lang='lat' dir='ltr'>et</span> <span class='ocrx_word' id='word_1_26' title='bbox 1793 630 1953 673; x_wconf 81' lang='lat' dir='ltr'>semper</span> 
     </span>
     <span class='ocr_line' id='line_1_5' title="bbox 416 671 1951 726; baseline 0.004 -16"><span class='ocrx_word' id='word_1_27' title='bbox 416 673 626 722; x_wconf 86' lang='lat' dir='ltr'>augustus.</span> <span class='ocrx_word' id='word_1_28' title='bbox 693 671 753 711; x_wconf 82' lang='lat' dir='ltr'>Ex</span> <span class='ocrx_word' id='word_1_29' title='bbox 793 671 926 712; x_wconf 89' lang='lat' dir='ltr'>debito</span> <span class='ocrx_word' id='word_1_30' title='bbox 966 672 1186 725; x_wconf 88' lang='lat' dir='ltr'>imperialis</span> <span class='ocrx_word' id='word_1_31' title='bbox 1226 672 1344 714; x_wconf 85' lang='lat' dir='ltr'>officii</span> <span class='ocrx_word' id='word_1_32' title='bbox 1383 675 1571 714; x_wconf 89' lang='lat' dir='ltr'>tenemur</span> <span class='ocrx_word' id='word_1_33' title='bbox 1607 686 1678 726; x_wconf 90' lang='lat' dir='ltr'>per</span> <span class='ocrx_word' id='word_1_34' title='bbox 1717 673 1951 717; x_wconf 84' lang='lat' dir='ltr'>universum</span> 
     </span>
     <span class='ocr_line' id='line_1_6' title="bbox 414 727 1952 783; baseline 0.003 -17"><span class='ocrx_word' id='word_1_35' title='bbox 414 727 630 779; x_wconf 87' lang='lat' dir='ltr'>imperium</span> <span class='ocrx_word' id='word_1_36' title='bbox 650 730 836 767; x_wconf 90' lang='lat' dir='ltr'>nostrum</span> <span class='ocrx_word' id='word_1_37' title='bbox 857 740 942 781; x_wconf 90' lang='lat' dir='ltr'>pro</span> <span class='ocrx_word' id='word_1_38' title='bbox 972 729 1294 770; x_wconf 77' lang='lat' dir='ltr'>necessitate</span> <span class='ocrx_word' id='word_1_39' title='bbox 1325 732 1374 770; x_wconf 88' lang='lat' dir='ltr'>et</span> <span class='ocrx_word' id='word_1_40' title='bbox 1404 730 1547 770; x_wconf 89' lang='lat' dir='ltr'>statu</span> <span class='ocrx_word' id='word_1_41' title='bbox 1576 730 1952 783; x_wconf 76' lang='lat' dir='ltr'>provinciarum</span> 
     </span>
     <span class='ocr_line' id='line_1_7' title="bbox 414 782 1951 835; baseline 0.004 -13"><span class='ocrx_word' id='word_1_42' title='bbox 414 795 555 835; x_wconf 88' lang='lat' dir='ltr'>pacem</span> <span class='ocrx_word' id='word_1_43' title='bbox 593 782 798 832; x_wconf 88' lang='lat' dir='ltr'>ordinare,</span> <span class='ocrx_word' id='word_1_44' title='bbox 839 783 1066 824; x_wconf 88' lang='lat' dir='ltr'>ordinatam</span> <span class='ocrx_word' id='word_1_45' title='bbox 1103 787 1242 825; x_wconf 89' lang='lat' dir='ltr'>nostra</span> <span class='ocrx_word' id='word_1_46' title='bbox 1272 785 1512 826; x_wconf 86' lang='lat' dir='ltr'>auctoritate</span> <span class='ocrx_word' id='word_1_47' title='bbox 1542 785 1788 826; x_wconf 83' lang='lat' dir='ltr'>confirmare.</span> <span class='ocrx_word' id='word_1_48' title='bbox 1846 785 1951 828; x_wconf 84' lang='lat' dir='ltr'>Cum</span> 
     </span>
     <span class='ocr_line' id='line_1_8' title="bbox 414 838 1952 893; baseline 0.003 -15"><span class='ocrx_word' id='word_1_49' title='bbox 414 838 551 890; x_wconf 87' lang='lat' dir='ltr'>itaque</span> <span class='ocrx_word' id='word_1_50' title='bbox 581 838 622 878; x_wconf 91' lang='lat' dir='ltr'>in</span> <span class='ocrx_word' id='word_1_51' title='bbox 653 839 785 891; x_wconf 88' lang='lat' dir='ltr'>prima</span> <span class='ocrx_word' id='word_1_52' title='bbox 815 839 1016 880; x_wconf 88' lang='lat' dir='ltr'>dominica</span> <span class='ocrx_word' id='word_1_53' title='bbox 1037 840 1357 892; x_wconf 84' lang='lat' dir='ltr'>quadragesime,</span> <span class='ocrx_word' id='word_1_54' title='bbox 1389 853 1467 893; x_wconf 90' lang='lat' dir='ltr'>que</span> <span class='ocrx_word' id='word_1_55' title='bbox 1488 841 1567 881; x_wconf 89' lang='lat' dir='ltr'>fuit</span> <span class='ocrx_word' id='word_1_56' title='bbox 1585 841 1676 882; x_wconf 88' lang='lat' dir='ltr'>XII.</span> <span class='ocrx_word' id='word_1_57' title='bbox 1705 841 1783 882; x_wconf 87' lang='lat' dir='ltr'>kal.</span> <span class='ocrx_word' id='word_1_58' title='bbox 1803 841 1952 892; x_wconf 87' lang='lat' dir='ltr'>Martii,</span> 
     </span>
     <span class='ocr_line' id='line_1_9' title="bbox 413 894 1951 950; baseline 0.003 -16"><span class='ocrx_word' id='word_1_59' title='bbox 413 895 453 934; x_wconf 91' lang='lat' dir='ltr'>in</span> <span class='ocrx_word' id='word_1_60' title='bbox 476 894 592 947; x_wconf 91' lang='lat' dir='ltr'>opido</span> <span class='ocrx_word' id='word_1_61' title='bbox 614 895 856 936; x_wconf 85' lang='lat' dir='ltr'>Wizenburc</span> <span class='ocrx_word' id='word_1_62' title='bbox 887 895 937 935; x_wconf 89' lang='lat' dir='ltr'>ad</span> <span class='ocrx_word' id='word_1_63' title='bbox 968 895 1172 937; x_wconf 88' lang='lat' dir='ltr'>faciendas</span> <span class='ocrx_word' id='word_1_64' title='bbox 1201 896 1383 937; x_wconf 87' lang='lat' dir='ltr'>iusticias</span> <span class='ocrx_word' id='word_1_65' title='bbox 1402 910 1473 950; x_wconf 89' lang='lat' dir='ltr'>pro</span> <span class='ocrx_word' id='word_1_66' title='bbox 1494 897 1687 938; x_wconf 83' lang='lat' dir='ltr'>tribunali</span> <span class='ocrx_word' id='word_1_67' title='bbox 1708 897 1951 948; x_wconf 78' lang='lat' dir='ltr'>sederemus,</span> 
     </span>
     <span class='ocr_line' id='line_1_10' title="bbox 413 950 1951 1004; baseline 0.003 -14"><span class='ocrx_word' id='word_1_68' title='bbox 413 950 684 991; x_wconf 76' lang='lat' dir='ltr'>assidentibus</span> <span class='ocrx_word' id='word_1_69' title='bbox 714 951 828 992; x_wconf 89' lang='lat' dir='ltr'>nobis</span> <span class='ocrx_word' id='word_1_70' title='bbox 848 951 1094 1004; x_wconf 87' lang='lat' dir='ltr'>principibus</span> <span class='ocrx_word' id='word_1_71' title='bbox 1125 952 1205 1004; x_wconf 93' lang='lat' dir='ltr'>[et]</span> <span class='ocrx_word' id='word_1_72' title='bbox 1227 953 1428 993; x_wconf 88' lang='lat' dir='ltr'>nobilibus</span> <span class='ocrx_word' id='word_1_73' title='bbox 1448 953 1557 993; x_wconf 88' lang='lat' dir='ltr'>illius</span> <span class='ocrx_word' id='word_1_74' title='bbox 1577 954 1693 1002; x_wconf 90' lang='lat' dir='ltr'>terre,</span> <span class='ocrx_word' id='word_1_75' title='bbox 1725 953 1951 996; x_wconf 84' lang='lat' dir='ltr'>astantibus</span> 
     </span>
     <span class='ocr_line' id='line_1_11' title="bbox 414 1007 1952 1061; baseline 0.003 -15"><span class='ocrx_word' id='word_1_76' title='bbox 414 1007 537 1046; x_wconf 90' lang='lat' dir='ltr'>etiam</span> <span class='ocrx_word' id='word_1_77' title='bbox 566 1007 900 1048; x_wconf 81' lang='lat' dir='ltr'>ministerialibus</span> <span class='ocrx_word' id='word_1_78' title='bbox 933 1009 973 1048; x_wconf 89' lang='lat' dir='ltr'>et</span> <span class='ocrx_word' id='word_1_79' title='bbox 1010 1008 1339 1060; x_wconf 89' lang='lat' dir='ltr'>provincialibus,</span> <span class='ocrx_word' id='word_1_80' title='bbox 1376 1009 1613 1061; x_wconf 88' lang='lat' dir='ltr'>cunctisque</span> <span class='ocrx_word' id='word_1_81' title='bbox 1652 1009 1775 1049; x_wconf 91' lang='lat' dir='ltr'>simul</span> <span class='ocrx_word' id='word_1_82' title='bbox 1812 1009 1952 1051; x_wconf 85' lang='lat' dir='ltr'>devote</span> 
     </span>
     <span class='ocr_line' id='line_1_12' title="bbox 411 1062 1951 1118; baseline 0.003 -16"><span class='ocrx_word' id='word_1_83' title='bbox 411 1062 713 1114; x_wconf 83' lang='lat' dir='ltr'>postulantibus</span> <span class='ocrx_word' id='word_1_84' title='bbox 734 1076 759 1116; x_wconf 94' lang='lat' dir='ltr'>p</span> <span class='ocrx_word' id='word_1_85' title='bbox 773 1063 907 1104; x_wconf 81' lang='lat' dir='ltr'>ac&#39;em</span> <span class='ocrx_word' id='word_1_86' title='bbox 937 1064 1204 1116; x_wconf 90' lang='lat' dir='ltr'>antiquam</span> <span class='ocrx_word' id='word_1_87' title='bbox 1221 1076 1244 1104; x_wconf 88' lang='lat' dir='ltr'>a</span> <span class='ocrx_word' id='word_1_88' title='bbox 1263 1064 1542 1117; x_wconf 81' lang='lat' dir='ltr'>predecessore</span> <span class='ocrx_word' id='word_1_89' title='bbox 1562 1066 1699 1106; x_wconf 88' lang='lat' dir='ltr'>nostro</span> <span class='ocrx_word' id='word_1_90' title='bbox 1719 1065 1868 1106; x_wconf 88' lang='lat' dir='ltr'>Karolo</span> <span class='ocrx_word' id='word_1_91' title='bbox 1883 1065 1951 1118; x_wconf 55' lang='grc' dir='ltr'>*ἢ</span> 
     </span>
     <span class='ocr_line' id='line_1_13' title="bbox 412 1118 1953 1174; baseline 0.002 -16"><span class='ocrx_word' id='word_1_92' title='bbox 412 1118 501 1159; x_wconf 89' lang='lat' dir='ltr'>divo</span> <span class='ocrx_word' id='word_1_93' title='bbox 524 1121 697 1171; x_wconf 90' lang='lat' dir='ltr'>augusto</span> <span class='ocrx_word' id='word_1_94' title='bbox 726 1119 971 1168; x_wconf 86' lang='lat' dir='ltr'>institutam,</span> <span class='ocrx_word' id='word_1_95' title='bbox 1001 1121 1364 1161; x_wconf 86' lang='lat' dir='ltr'>renovavimus</span> <span class='ocrx_word' id='word_1_96' title='bbox 1392 1120 1524 1174; x_wconf 87' lang='lat' dir='ltr'>ipsam</span> <span class='ocrx_word' id='word_1_97' title='bbox 1555 1121 1635 1172; x_wconf 88' lang='lat' dir='ltr'>[et]</span> <span class='ocrx_word' id='word_1_98' title='bbox 1667 1132 1691 1161; x_wconf 90' lang='lat' dir='ltr'>a</span> <span class='ocrx_word' id='word_1_99' title='bbox 1718 1121 1953 1173; x_wconf 84' lang='lat' dir='ltr'>proxima</span> 
     </span>
     <span class='ocr_line' id='line_1_14' title="bbox 411 1174 1951 1226; baseline 0.002 -12"><span class='ocrx_word' id='word_1_100' title='bbox 411 1186 566 1226; x_wconf 86' lang='lat' dir='ltr'>pasca</span> <span class='ocrx_word' id='word_1_101' title='bbox 611 1174 671 1215; x_wconf 92' lang='lat' dir='ltr'>ad</span> <span class='ocrx_word' id='word_1_102' title='bbox 711 1175 838 1216; x_wconf 90' lang='lat' dir='ltr'>duos</span> <span class='ocrx_word' id='word_1_103' title='bbox 885 1188 1042 1217; x_wconf 90' lang='lat' dir='ltr'>annos</span> <span class='ocrx_word' id='word_1_104' title='bbox 1080 1176 1363 1217; x_wconf 88' lang='lat' dir='ltr'>inviolabiliter</span> <span class='ocrx_word' id='word_1_105' title='bbox 1403 1176 1695 1218; x_wconf 88' lang='lat' dir='ltr'>observandam</span> <span class='ocrx_word' id='word_1_106' title='bbox 1723 1175 1951 1218; x_wconf 83' lang='lat' dir='ltr'>indiximus.</span> 
     </span>
     <span class='ocr_line' id='line_1_15' title="bbox 411 1230 1126 1284; baseline 0.003 -14"><span class='ocrx_word' id='word_1_107' title='bbox 411 1230 545 1271; x_wconf 91' lang='lat' dir='ltr'>Huius</span> <span class='ocrx_word' id='word_1_108' title='bbox 577 1232 716 1271; x_wconf 91' lang='lat' dir='ltr'>autem</span> <span class='ocrx_word' id='word_1_109' title='bbox 745 1231 855 1284; x_wconf 88' lang='lat' dir='ltr'>pacis</span> <span class='ocrx_word' id='word_1_110' title='bbox 885 1231 1015 1272; x_wconf 88' lang='lat' dir='ltr'>forma</span> <span class='ocrx_word' id='word_1_111' title='bbox 1044 1234 1126 1272; x_wconf 86' lang='lat' dir='ltr'>est:</span> 
     </span>
    </p>

    <p class='ocr_par' dir='ltr' id='par_1_4' title="bbox 410 1286 1952 1620">
     <span class='ocr_line' id='line_1_16' title="bbox 526 1286 1949 1337; baseline 0.002 -11"><span class='ocrx_word' id='word_1_112' title='bbox 526 1288 560 1326; x_wconf 92' lang='lat'>1.</span> <span class='ocrx_word' id='word_1_113' title='bbox 591 1286 749 1336; x_wconf 92' lang='lat' dir='ltr'>Ville,</span> <span class='ocrx_word' id='word_1_114' title='bbox 780 1287 1021 1328; x_wconf 87' lang='lat' dir='ltr'>villarum</span> <span class='ocrx_word' id='word_1_115' title='bbox 1050 1288 1387 1337; x_wconf 84' lang='lat' dir='ltr'>habitatores,</span> <span class='ocrx_word' id='word_1_116' title='bbox 1409 1288 1552 1337; x_wconf 89' lang='lat' dir='ltr'>clerici,</span> <span class='ocrx_word' id='word_1_117' title='bbox 1572 1287 1771 1337; x_wconf 88' lang='lat' dir='ltr'>monachi,</span> <span class='ocrx_word' id='word_1_118' title='bbox 1790 1287 1949 1337; x_wconf 84' lang='lat' dir='ltr'>femine,</span> 
     </span>
     <span class='ocr_line' id='line_1_17' title="bbox 410 1343 1952 1396; baseline 0.001 -14"><span class='ocrx_word' id='word_1_119' title='bbox 410 1344 665 1392; x_wconf 86' lang='lat' dir='ltr'>mercatores,</span> <span class='ocrx_word' id='word_1_120' title='bbox 697 1343 878 1395; x_wconf 86' lang='lat' dir='ltr'>agricole,</span> <span class='ocrx_word' id='word_1_121' title='bbox 914 1344 1155 1392; x_wconf 88' lang='lat' dir='ltr'>molendina,</span> <span class='ocrx_word' id='word_1_122' title='bbox 1196 1344 1385 1393; x_wconf 85' lang='lat' dir='ltr'>villici,</span> <span class='ocrx_word' id='word_1_123' title='bbox 1426 1345 1515 1396; x_wconf 91' lang='lat' dir='ltr'>qui</span> <span class='ocrx_word' id='word_1_124' title='bbox 1554 1343 1613 1384; x_wconf 89' lang='lat' dir='ltr'>ad</span> <span class='ocrx_word' id='word_1_125' title='bbox 1642 1343 1834 1385; x_wconf 88' lang='lat' dir='ltr'>fiscum</span> <span class='ocrx_word' id='word_1_126' title='bbox 1866 1344 1952 1384; x_wconf 87' lang='lat' dir='ltr'>im-</span> 
     </span>
     <span class='ocr_line' id='line_1_18' title="bbox 410 1399 1949 1452; baseline 0.001 -13"><span class='ocrx_word' id='word_1_127' title='bbox 410 1399 680 1451; x_wconf 88' lang='lat' dir='ltr'>peratoris</span> <span class='ocrx_word' id='word_1_128' title='bbox 710 1400 1004 1452; x_wconf 89' lang='lat' dir='ltr'>pertinent,</span> <span class='ocrx_word' id='word_1_129' title='bbox 1035 1402 1245 1441; x_wconf 87' lang='lat' dir='ltr'>venatores</span> <span class='ocrx_word' id='word_1_130' title='bbox 1275 1402 1315 1441; x_wconf 90' lang='lat' dir='ltr'>et</span> <span class='ocrx_word' id='word_1_131' title='bbox 1343 1400 1522 1440; x_wconf 88' lang='lat' dir='ltr'>ferarum</span> <span class='ocrx_word' id='word_1_132' title='bbox 1551 1399 1817 1452; x_wconf 86' lang='lat' dir='ltr'>indagatores,</span> <span class='ocrx_word' id='word_1_133' title='bbox 1848 1412 1949 1452; x_wconf 84' lang='lat' dir='ltr'>quos</span> 
     </span>
     <span class='ocr_line' id='line_1_19' title="bbox 410 1454 1950 1509; baseline 0.003 -15"><span class='ocrx_word' id='word_1_134' title='bbox 410 1454 629 1495; x_wconf 87' lang='lat' dir='ltr'>weidelude</span> <span class='ocrx_word' id='word_1_135' title='bbox 659 1455 840 1504; x_wconf 87' lang='lat' dir='ltr'>dicimus,</span> <span class='ocrx_word' id='word_1_136' title='bbox 872 1456 981 1496; x_wconf 91' lang='lat' dir='ltr'>omni</span> <span class='ocrx_word' id='word_1_137' title='bbox 1011 1456 1074 1496; x_wconf 92' lang='lat' dir='ltr'>die</span> <span class='ocrx_word' id='word_1_138' title='bbox 1104 1468 1246 1509; x_wconf 90' lang='lat' dir='ltr'>pacem</span> <span class='ocrx_word' id='word_1_139' title='bbox 1266 1457 1452 1504; x_wconf 89' lang='lat' dir='ltr'>habeant,</span> <span class='ocrx_word' id='word_1_140' title='bbox 1482 1455 1559 1496; x_wconf 89' lang='lat' dir='ltr'>nisi</span> <span class='ocrx_word' id='word_1_141' title='bbox 1588 1455 1655 1504; x_wconf 90' lang='lat' dir='ltr'>hii,</span> <span class='ocrx_word' id='word_1_142' title='bbox 1686 1455 1755 1508; x_wconf 90' lang='lat' dir='ltr'>qui</span> <span class='ocrx_word' id='word_1_143' title='bbox 1784 1456 1950 1508; x_wconf 81' lang='lat' dir='ltr'>laqueos</span> 
     </span>
     <span class='ocr_line' id='line_1_20' title="bbox 411 1510 1951 1565; baseline 0.001 -15"><span class='ocrx_word' id='word_1_144' title='bbox 411 1510 588 1551; x_wconf 90' lang='lat' dir='ltr'>tendunt</span> <span class='ocrx_word' id='word_1_145' title='bbox 618 1513 659 1551; x_wconf 91' lang='lat' dir='ltr'>et</span> <span class='ocrx_word' id='word_1_146' title='bbox 687 1512 883 1564; x_wconf 87' lang='lat' dir='ltr'>conpedes</span> <span class='ocrx_word' id='word_1_147' title='bbox 913 1515 1080 1565; x_wconf 84' lang='lat' dir='ltr'>ponunt,</span> <span class='ocrx_word' id='word_1_148' title='bbox 1113 1513 1182 1564; x_wconf 89' lang='lat' dir='ltr'>qui</span> <span class='ocrx_word' id='word_1_149' title='bbox 1212 1512 1324 1552; x_wconf 90' lang='lat' dir='ltr'>nullo</span> <span class='ocrx_word' id='word_1_150' title='bbox 1355 1512 1419 1553; x_wconf 88' lang='lat' dir='ltr'>die</span> <span class='ocrx_word' id='word_1_151' title='bbox 1450 1514 1522 1552; x_wconf 90' lang='lat' dir='ltr'>aut</span> <span class='ocrx_word' id='word_1_152' title='bbox 1541 1512 1626 1553; x_wconf 89' lang='lat' dir='ltr'>loco</span> <span class='ocrx_word' id='word_1_153' title='bbox 1646 1523 1787 1564; x_wconf 86' lang='lat' dir='ltr'>pacem</span> <span class='ocrx_word' id='word_1_154' title='bbox 1803 1511 1951 1553; x_wconf 89' lang='lat' dir='ltr'>debent</span> 
     </span>
     <span class='ocr_line' id='line_1_21' title="bbox 411 1567 674 1620; baseline 0.008 -14"><span class='ocrx_word' id='word_1_155' title='bbox 411 1567 674 1620; x_wconf 87' lang='lat' dir='ltr'>habere.***)</span> 
     </span>
    </p>

    <p class='ocr_par' dir='ltr' id='par_1_5' title="bbox 410 1623 1951 1788">
     <span class='ocr_line' id='line_1_22' title="bbox 522 1623 1951 1676; baseline 0.001 -14"><span class='ocrx_word' id='word_1_156' title='bbox 522 1624 559 1662; x_wconf 81' lang='lat'>2.</span> <span class='ocrx_word' id='word_1_157' title='bbox 590 1623 632 1664; x_wconf 83' lang='lat' dir='ltr'>Si</span> <span class='ocrx_word' id='word_1_158' title='bbox 663 1623 753 1675; x_wconf 88' lang='lat' dir='ltr'>quis</span> <span class='ocrx_word' id='word_1_159' title='bbox 793 1624 942 1664; x_wconf 85' lang='lat' dir='ltr'>habeat</span> <span class='ocrx_word' id='word_1_160' title='bbox 980 1623 1210 1672; x_wconf 89' lang='lat' dir='ltr'>inimicum,</span> <span class='ocrx_word' id='word_1_161' title='bbox 1249 1635 1371 1675; x_wconf 87' lang='lat' dir='ltr'>quem</span> <span class='ocrx_word' id='word_1_162' title='bbox 1408 1623 1597 1676; x_wconf 89' lang='lat' dir='ltr'>persequi</span> <span class='ocrx_word' id='word_1_163' title='bbox 1635 1623 1824 1672; x_wconf 86' lang='lat' dir='ltr'>voluerit,</span> <span class='ocrx_word' id='word_1_164' title='bbox 1861 1636 1951 1676; x_wconf 89' lang='lat' dir='ltr'>per-</span> 
     </span>
     <span class='ocr_line' id='line_1_23' title="bbox 410 1679 1951 1732; baseline 0.001 -13"><span class='ocrx_word' id='word_1_165' title='bbox 410 1680 606 1731; x_wconf 90' lang='lat' dir='ltr'>sequatur</span> <span class='ocrx_word' id='word_1_166' title='bbox 635 1692 728 1720; x_wconf 90' lang='lat' dir='ltr'>eum</span> <span class='ocrx_word' id='word_1_167' title='bbox 771 1679 823 1719; x_wconf 89' lang='lat' dir='ltr'>in</span> <span class='ocrx_word' id='word_1_168' title='bbox 861 1692 1036 1732; x_wconf 88' lang='lat' dir='ltr'>campo</span> <span class='ocrx_word' id='word_1_169' title='bbox 1076 1680 1227 1732; x_wconf 87' lang='lat' dir='ltr'>absque</span> <span class='ocrx_word' id='word_1_170' title='bbox 1272 1679 1446 1732; x_wconf 89' lang='lat' dir='ltr'>dampno</span> <span class='ocrx_word' id='word_1_171' title='bbox 1490 1691 1626 1720; x_wconf 88' lang='lat' dir='ltr'>rerum</span> <span class='ocrx_word' id='word_1_172' title='bbox 1669 1691 1836 1720; x_wconf 89' lang='lat' dir='ltr'>suarum</span> <span class='ocrx_word' id='word_1_173' title='bbox 1880 1680 1951 1720; x_wconf 85' lang='lat' dir='ltr'>aut</span> 
     </span>
     <span class='ocr_line' id='line_1_24' title="bbox 410 1735 1809 1788; baseline 0.001 -13"><span class='ocrx_word' id='word_1_174' title='bbox 410 1735 542 1788; x_wconf 88' lang='lat' dir='ltr'>capiat</span> <span class='ocrx_word' id='word_1_175' title='bbox 579 1748 684 1783; x_wconf 88' lang='lat' dir='ltr'>eum,</span> <span class='ocrx_word' id='word_1_176' title='bbox 721 1736 860 1776; x_wconf 86' lang='lat' dir='ltr'>statim</span> <span class='ocrx_word' id='word_1_177' title='bbox 898 1735 1019 1776; x_wconf 90' lang='lat' dir='ltr'>iudici</span> <span class='ocrx_word' id='word_1_178' title='bbox 1056 1736 1190 1788; x_wconf 89' lang='lat' dir='ltr'>ipsum</span> <span class='ocrx_word' id='word_1_179' title='bbox 1226 1737 1508 1788; x_wconf 88' lang='lat' dir='ltr'>representans</span> <span class='ocrx_word' id='word_1_180' title='bbox 1538 1735 1809 1776; x_wconf 87' lang='lat' dir='ltr'>iudicandum.</span> 
     </span>
    </p>

    <p class='ocr_par' dir='ltr' id='par_1_6' title="bbox 413 1791 1950 1901">
     <span class='ocr_line' id='line_1_25' title="bbox 522 1791 1950 1842; baseline 0.001 -11"><span class='ocrx_word' id='word_1_181' title='bbox 522 1793 558 1831; x_wconf 89' lang='lat'>3.</span> <span class='ocrx_word' id='word_1_182' title='bbox 590 1791 707 1842; x_wconf 82' lang='lat' dir='ltr'>Quod</span> <span class='ocrx_word' id='word_1_183' title='bbox 746 1791 779 1832; x_wconf 88' lang='lat' dir='ltr'>si</span> <span class='ocrx_word' id='word_1_184' title='bbox 814 1804 908 1833; x_wconf 91' lang='lat' dir='ltr'>reus</span> <span class='ocrx_word' id='word_1_185' title='bbox 948 1791 997 1832; x_wconf 88' lang='lat' dir='ltr'>ad</span> <span class='ocrx_word' id='word_1_186' title='bbox 1037 1793 1239 1840; x_wconf 77' lang='lat' dir='ltr'>aratrum,</span> <span class='ocrx_word' id='word_1_187' title='bbox 1279 1791 1557 1832; x_wconf 86' lang='lat' dir='ltr'>molendinum</span> <span class='ocrx_word' id='word_1_188' title='bbox 1587 1803 1658 1832; x_wconf 90' lang='lat' dir='ltr'>seu</span> <span class='ocrx_word' id='word_1_189' title='bbox 1688 1791 1828 1832; x_wconf 85' lang='lat' dir='ltr'>villam</span> <span class='ocrx_word' id='word_1_190' title='bbox 1857 1803 1950 1832; x_wconf 90' lang='lat' dir='ltr'>con-</span> 
     </span>
     <span class='ocr_line' id='line_1_26' title="bbox 413 1846 1068 1901; baseline 0 -14"><span class='ocrx_word' id='word_1_191' title='bbox 413 1846 574 1899; x_wconf 81' lang='lat' dir='ltr'>fugerit,</span> <span class='ocrx_word' id='word_1_192' title='bbox 604 1848 722 1888; x_wconf 87' lang='lat' dir='ltr'>firma</span> <span class='ocrx_word' id='word_1_193' title='bbox 750 1860 848 1900; x_wconf 90' lang='lat' dir='ltr'>pace</span> <span class='ocrx_word' id='word_1_194' title='bbox 878 1847 1068 1901; x_wconf 88' lang='lat' dir='ltr'>potiatur.</span> 
     </span>
    </p>

    <p class='ocr_par' dir='ltr' id='par_1_7' title="bbox 408 1902 1947 2069">
     <span class='ocr_line' id='line_1_27' title="bbox 522 1902 1947 1956; baseline 0.001 -13"><span class='ocrx_word' id='word_1_195' title='bbox 522 1905 559 1943; x_wconf 82' lang='lat'>4.</span> <span class='ocrx_word' id='word_1_196' title='bbox 590 1903 786 1956; x_wconf 88' lang='lat' dir='ltr'>Persequi</span> <span class='ocrx_word' id='word_1_197' title='bbox 817 1916 909 1945; x_wconf 90' lang='lat' dir='ltr'>vero</span> <span class='ocrx_word' id='word_1_198' title='bbox 939 1904 1148 1944; x_wconf 86' lang='lat' dir='ltr'>inimicum</span> <span class='ocrx_word' id='word_1_199' title='bbox 1178 1904 1279 1944; x_wconf 91' lang='lat' dir='ltr'>nulli</span> <span class='ocrx_word' id='word_1_200' title='bbox 1310 1903 1542 1944; x_wconf 87' lang='lat' dir='ltr'>conceditur</span> <span class='ocrx_word' id='word_1_201' title='bbox 1570 1903 1646 1943; x_wconf 90' lang='lat' dir='ltr'>nisi</span> <span class='ocrx_word' id='word_1_202' title='bbox 1668 1903 1787 1944; x_wconf 86' lang='lat' dir='ltr'>certis</span> <span class='ocrx_word' id='word_1_203' title='bbox 1807 1902 1947 1944; x_wconf 89' lang='lat' dir='ltr'>diebus</span> 
     </span>
     <span class='ocr_line' id='line_1_28' title="bbox 408 1959 1947 2013; baseline 0 -14"><span class='ocrx_word' id='word_1_204' title='bbox 408 1959 451 1999; x_wconf 88' lang='lat' dir='ltr'>in</span> <span class='ocrx_word' id='word_1_205' title='bbox 489 1959 734 2013; x_wconf 86' lang='lat' dir='ltr'>septimana,</span> <span class='ocrx_word' id='word_1_206' title='bbox 774 1960 960 2001; x_wconf 86' lang='lat' dir='ltr'>videlicet</span> <span class='ocrx_word' id='word_1_207' title='bbox 998 1959 1099 2000; x_wconf 87' lang='lat' dir='ltr'>feria</span> <span class='ocrx_word' id='word_1_208' title='bbox 1136 1959 1331 2007; x_wconf 88' lang='lat' dir='ltr'>secunda,</span> <span class='ocrx_word' id='word_1_209' title='bbox 1371 1960 1515 2008; x_wconf 84' lang='lat' dir='ltr'>tercia,</span> <span class='ocrx_word' id='word_1_210' title='bbox 1555 1961 1702 2012; x_wconf 88' lang='lat' dir='ltr'>quarta</span> <span class='ocrx_word' id='word_1_211' title='bbox 1738 1971 1868 2012; x_wconf 86' lang='lat' dir='ltr'>usque</span> <span class='ocrx_word' id='word_1_212' title='bbox 1906 1959 1947 1999; x_wconf 87' lang='lat' dir='ltr'>in</span> 
     </span>
     <span class='ocr_line' id='line_1_29' title="bbox 409 2015 1822 2069; baseline -0.001 -13"><span class='ocrx_word' id='word_1_213' title='bbox 409 2027 597 2056; x_wconf 82' lang='lat' dir='ltr'>occasum</span> <span class='ocrx_word' id='word_1_214' title='bbox 626 2016 744 2063; x_wconf 86' lang='lat' dir='ltr'>solis;</span> <span class='ocrx_word' id='word_1_215' title='bbox 777 2016 864 2056; x_wconf 88' lang='lat' dir='ltr'>aliis</span> <span class='ocrx_word' id='word_1_216' title='bbox 895 2017 1070 2068; x_wconf 92' lang='lat' dir='ltr'>quatuor</span> <span class='ocrx_word' id='word_1_217' title='bbox 1099 2015 1242 2056; x_wconf 90' lang='lat' dir='ltr'>diebus</span> <span class='ocrx_word' id='word_1_218' title='bbox 1271 2016 1433 2068; x_wconf 90' lang='lat' dir='ltr'>plenam</span> <span class='ocrx_word' id='word_1_219' title='bbox 1463 2027 1605 2069; x_wconf 88' lang='lat' dir='ltr'>pacem</span> <span class='ocrx_word' id='word_1_220' title='bbox 1636 2015 1822 2055; x_wconf 86' lang='lat' dir='ltr'>habeant.</span> 
     </span>
    </p>

    <p class='ocr_par' dir='ltr' id='par_1_8' title="bbox 409 2071 1948 2236">
     <span class='ocr_line' id='line_1_30' title="bbox 521 2071 1946 2124; baseline -0.001 -12"><span class='ocrx_word' id='word_1_221' title='bbox 521 2074 558 2112; x_wconf 80' lang='grc'>5.</span> <span class='ocrx_word' id='word_1_222' title='bbox 590 2071 633 2112; x_wconf 82' lang='lat' dir='ltr'>Si</span> <span class='ocrx_word' id='word_1_223' title='bbox 664 2072 754 2124; x_wconf 90' lang='lat' dir='ltr'>quis</span> <span class='ocrx_word' id='word_1_224' title='bbox 784 2072 1010 2124; x_wconf 86' lang='lat' dir='ltr'>fugientem</span> <span class='ocrx_word' id='word_1_225' title='bbox 1045 2072 1255 2112; x_wconf 88' lang='lat' dir='ltr'>inimicum</span> <span class='ocrx_word' id='word_1_226' title='bbox 1293 2072 1522 2124; x_wconf 89' lang='lat' dir='ltr'>insequitur</span> <span class='ocrx_word' id='word_1_227' title='bbox 1559 2083 1688 2123; x_wconf 91' lang='lat' dir='ltr'>usque</span> <span class='ocrx_word' id='word_1_228' title='bbox 1730 2071 1779 2111; x_wconf 85' lang='lat' dir='ltr'>ad</span> <span class='ocrx_word' id='word_1_229' title='bbox 1809 2071 1946 2112; x_wconf 87' lang='lat' dir='ltr'>villam</span> 
     </span>
     <span class='ocr_line' id='line_1_31' title="bbox 409 2126 1948 2181; baseline 0 -14"><span class='ocrx_word' id='word_1_230' title='bbox 409 2129 450 2168; x_wconf 92' lang='lat' dir='ltr'>et</span> <span class='ocrx_word' id='word_1_231' title='bbox 478 2128 619 2181; x_wconf 89' lang='lat' dir='ltr'>inpetu</span> <span class='ocrx_word' id='word_1_232' title='bbox 650 2129 760 2181; x_wconf 81' lang='lat' dir='ltr'>equi,</span> <span class='ocrx_word' id='word_1_233' title='bbox 800 2141 880 2169; x_wconf 90' lang='lat' dir='ltr'>non</span> <span class='ocrx_word' id='word_1_234' title='bbox 910 2141 986 2169; x_wconf 92' lang='lat' dir='ltr'>sua</span> <span class='ocrx_word' id='word_1_235' title='bbox 1015 2130 1167 2181; x_wconf 89' lang='lat' dir='ltr'>sponte,</span> <span class='ocrx_word' id='word_1_236' title='bbox 1196 2128 1237 2168; x_wconf 90' lang='lat' dir='ltr'>in</span> <span class='ocrx_word' id='word_1_237' title='bbox 1267 2127 1363 2168; x_wconf 90' lang='lat' dir='ltr'>villa</span> <span class='ocrx_word' id='word_1_238' title='bbox 1392 2127 1551 2168; x_wconf 87' lang='lat' dir='ltr'>delatus</span> <span class='ocrx_word' id='word_1_239' title='bbox 1581 2126 1722 2176; x_wconf 80' lang='lat' dir='ltr'>fuerit,</span> <span class='ocrx_word' id='word_1_240' title='bbox 1760 2127 1802 2167; x_wconf 89' lang='lat' dir='ltr'>in</span> <span class='ocrx_word' id='word_1_241' title='bbox 1830 2128 1948 2180; x_wconf 86' lang='lat' dir='ltr'>porta</span> 
     </span>
     <span class='ocr_line' id='line_1_32' title="bbox 411 2182 1946 2236; baseline 0 -12"><span class='ocrx_word' id='word_1_242' title='bbox 411 2184 502 2224; x_wconf 89' lang='lat' dir='ltr'>ville</span> <span class='ocrx_word' id='word_1_243' title='bbox 532 2184 715 2225; x_wconf 90' lang='lat' dir='ltr'>lanceam</span> <span class='ocrx_word' id='word_1_244' title='bbox 753 2186 793 2225; x_wconf 90' lang='lat' dir='ltr'>et</span> <span class='ocrx_word' id='word_1_245' title='bbox 823 2197 954 2233; x_wconf 89' lang='lat' dir='ltr'>arma,</span> <span class='ocrx_word' id='word_1_246' title='bbox 995 2184 1142 2236; x_wconf 88' lang='lat' dir='ltr'>quibus</span> <span class='ocrx_word' id='word_1_247' title='bbox 1180 2184 1331 2225; x_wconf 87' lang='lat' dir='ltr'>absolvi</span> <span class='ocrx_word' id='word_1_248' title='bbox 1372 2185 1523 2236; x_wconf 86' lang='lat' dir='ltr'>potest,</span> <span class='ocrx_word' id='word_1_249' title='bbox 1568 2182 1734 2231; x_wconf 86' lang='lat' dir='ltr'>abiciat;</span> <span class='ocrx_word' id='word_1_250' title='bbox 1779 2183 1821 2223; x_wconf 90' lang='lat' dir='ltr'>in</span> <span class='ocrx_word' id='word_1_251' title='bbox 1850 2182 1946 2224; x_wconf 83' lang='lat' dir='ltr'>villa</span> 
     </span>
    </p>
   </div>
   <div class='ocr_carea' id='block_1_4' title="bbox 405 2312 1947 2912">
    <p class='ocr_par' dir='ltr' id='par_1_9' title="bbox 407 2312 1947 2542">
     <span class='ocr_line' id='line_1_33' title="bbox 525 2312 1944 2359; baseline -0.002 -10"><span class='ocrx_word' id='word_1_252' title='bbox 525 2316 556 2359; x_wconf 79' lang='lat'>²⁸¹)</span> <span class='ocrx_word' id='word_1_253' title='bbox 582 2316 731 2350; x_wconf 73' lang='lat' dir='ltr'>Bohmer</span> <span class='ocrx_word' id='word_1_254' title='bbox 762 2315 840 2359; x_wconf 84' lang='lat' dir='ltr'>gibt</span> <span class='ocrx_word' id='word_1_255' title='bbox 873 2314 927 2348; x_wconf 89' lang='lat' dir='ltr'>die</span> <span class='ocrx_word' id='word_1_256' title='bbox 951 2315 1179 2348; x_wconf 75' lang='lat' dir='ltr'>interessante</span> <span class='ocrx_word' id='word_1_257' title='bbox 1203 2314 1368 2347; x_wconf 87' lang='lat' dir='ltr'>Urkunde</span> <span class='ocrx_word' id='word_1_258' title='bbox 1392 2314 1480 2347; x_wconf 87' lang='lat' dir='ltr'>nach</span> <span class='ocrx_word' id='word_1_259' title='bbox 1505 2313 1567 2347; x_wconf 86' lang='lat' dir='ltr'>Hs.</span> <span class='ocrx_word' id='word_1_260' title='bbox 1593 2313 1691 2347; x_wconf 84' lang='lat' dir='ltr'>Harl.</span> <span class='ocrx_word' id='word_1_261' title='bbox 1718 2314 1808 2347; x_wconf 79' lang='lat'>2800</span> <span class='ocrx_word' id='word_1_262' title='bbox 1834 2312 1897 2347; x_wconf 90' lang='lat' dir='ltr'>vol.</span> <span class='ocrx_word' id='word_1_263' title='bbox 1925 2314 1944 2346; x_wconf 81' lang='lat'><strong>2</strong></span> 
     </span>
     <span class='ocr_line' id='line_1_34' title="bbox 409 2357 1946 2403; baseline -0.003 -7"><span class='ocrx_word' id='word_1_264' title='bbox 409 2362 468 2396; x_wconf 89' lang='lat' dir='ltr'>des</span> <span class='ocrx_word' id='word_1_265' title='bbox 499 2362 690 2396; x_wconf 89' lang='lat' dir='ltr'>britischen</span> <span class='ocrx_word' id='word_1_266' title='bbox 714 2361 899 2395; x_wconf 85' lang='lat' dir='ltr'>Museums.</span> <span class='ocrx_word' id='word_1_267' title='bbox 955 2360 1035 2403; x_wconf 83' lang='lat' dir='ltr'>vgl.</span> <span class='ocrx_word' id='word_1_268' title='bbox 1072 2361 1156 2394; x_wconf 77' lang='lat' dir='ltr'>iiber</span> <span class='ocrx_word' id='word_1_269' title='bbox 1189 2360 1336 2394; x_wconf 86' lang='lat' dir='ltr'>dieselbe</span> <span class='ocrx_word' id='word_1_270' title='bbox 1370 2360 1498 2401; x_wconf 86' lang='lat' dir='ltr'>Brock,</span> <span class='ocrx_word' id='word_1_271' title='bbox 1536 2359 1599 2392; x_wconf 86' lang='lat' dir='ltr'>Die</span> <span class='ocrx_word' id='word_1_272' title='bbox 1633 2357 1854 2402; x_wconf 71' lang='lat' dir='ltr'>Entstehung</span> <span class='ocrx_word' id='word_1_273' title='bbox 1886 2357 1946 2392; x_wconf 78' lang='lat' dir='ltr'>des</span> 
     </span>
     <span class='ocr_line' id='line_1_35' title="bbox 407 2403 1945 2447; baseline -0.003 -5"><span class='ocrx_word' id='word_1_274' title='bbox 407 2407 656 2442; x_wconf 83' lang='lat' dir='ltr'>Fehderechtes</span> <span class='ocrx_word' id='word_1_275' title='bbox 688 2408 735 2442; x_wconf 93' lang='lat' dir='ltr'>im</span> <span class='ocrx_word' id='word_1_276' title='bbox 768 2407 953 2441; x_wconf 84' lang='lat' dir='ltr'>deutschen</span> <span class='ocrx_word' id='word_1_277' title='bbox 979 2406 1105 2440; x_wconf 88' lang='lat' dir='ltr'>Reiche</span> <span class='ocrx_word' id='word_1_278' title='bbox 1137 2406 1196 2440; x_wconf 85' lang='lat' dir='ltr'>des</span> <span class='ocrx_word' id='word_1_279' title='bbox 1229 2406 1452 2440; x_wconf 84' lang='lat' dir='ltr'>Mittelalters</span> <span class='ocrx_word' id='word_1_280' title='bbox 1490 2406 1522 2439; x_wconf 82' lang='lat' dir='ltr'>S.</span> <span class='ocrx_word' id='word_1_281' title='bbox 1549 2407 1593 2439; x_wconf 81' lang='lat'>32</span> <span class='ocrx_word' id='word_1_282' title='bbox 1629 2404 1729 2439; x_wconf 90' lang='lat' dir='ltr'>Anm.</span> <span class='ocrx_word' id='word_1_283' title='bbox 1754 2406 1795 2447; x_wconf 87' lang='lat'>3;</span> <span class='ocrx_word' id='word_1_284' title='bbox 1833 2403 1945 2446; x_wconf 77' lang='lat' dir='ltr'>Knch,</span> 
     </span>
     <span class='ocr_line' id='line_1_36' title="bbox 408 2449 1947 2496; baseline -0.003 -8"><span class='ocrx_word' id='word_1_285' title='bbox 408 2455 472 2488; x_wconf 88' lang='lat' dir='ltr'>Die</span> <span class='ocrx_word' id='word_1_286' title='bbox 502 2454 1002 2496; x_wconf 86' lang='lat' dir='ltr'>Landfriedensbestrebungen</span> <span class='ocrx_word' id='word_1_287' title='bbox 1034 2452 1156 2486; x_wconf 86' lang='lat' dir='ltr'>Kaiser</span> <span class='ocrx_word' id='word_1_288' title='bbox 1187 2451 1381 2486; x_wconf 82' lang='lat' dir='ltr'>Friedrichs</span> <span class='ocrx_word' id='word_1_289' title='bbox 1405 2452 1431 2486; x_wconf 94' lang='lat' dir='ltr'>I.</span> <span class='ocrx_word' id='word_1_290' title='bbox 1469 2451 1503 2486; x_wconf 87' lang='lat' dir='ltr'>S.</span> <span class='ocrx_word' id='word_1_291' title='bbox 1531 2454 1684 2493; x_wconf 79' lang='lat'><strong>56—65;</strong></span> <span class='ocrx_word' id='word_1_292' title='bbox 1723 2449 1947 2485; x_wconf 84' lang='lat' dir='ltr'>Giesebrecht</span> 
     </span>
     <span class='ocr_line' id='line_1_37' title="bbox 408 2499 768 2542; baseline 0 -8"><span class='ocrx_word' id='word_1_293' title='bbox 408 2511 438 2534; x_wconf 89' lang='lat' dir='ltr'>a.</span> <span class='ocrx_word' id='word_1_294' title='bbox 465 2512 494 2535; x_wconf 90' lang='lat' dir='ltr'>a.</span> <span class='ocrx_word' id='word_1_295' title='bbox 521 2499 560 2535; x_wconf 89' lang='grc' dir='ltr'>Ο.</span> <span class='ocrx_word' id='word_1_296' title='bbox 586 2500 627 2542; x_wconf 89' lang='lat' dir='ltr'>V,</span> <span class='ocrx_word' id='word_1_297' title='bbox 654 2502 722 2534; x_wconf 83' lang='lat'>905</span> <span class='ocrx_word' id='word_1_298' title='bbox 746 2499 768 2534; x_wconf 89' lang='lat' dir='ltr'>f.</span> 
     </span>
    </p>

    <p class='ocr_par' dir='ltr' id='par_1_10' title="bbox 407 2541 1946 2682">
     <span class='ocr_line' id='line_1_38' title="bbox 502 2541 1945 2589; baseline -0.003 -9"><span class='ocrx_word' id='word_1_299' title='bbox 502 2547 554 2589; x_wconf 83' lang='lat'>**)</span> <span class='ocrx_word' id='word_1_300' title='bbox 579 2547 644 2580; x_wconf 89' lang='lat' dir='ltr'>Die</span> <span class='ocrx_word' id='word_1_301' title='bbox 669 2546 844 2589; x_wconf 79' lang='lat' dir='ltr'>Berufung</span> <span class='ocrx_word' id='word_1_302' title='bbox 875 2546 935 2579; x_wconf 88' lang='lat' dir='ltr'>auf</span> <span class='ocrx_word' id='word_1_303' title='bbox 956 2545 1040 2578; x_wconf 89' lang='lat' dir='ltr'>Karl</span> <span class='ocrx_word' id='word_1_304' title='bbox 1074 2544 1139 2578; x_wconf 87' lang='lat' dir='ltr'>den</span> <span class='ocrx_word' id='word_1_305' title='bbox 1165 2544 1312 2578; x_wconf 86' lang='lat' dir='ltr'>Grossen</span> <span class='ocrx_word' id='word_1_306' title='bbox 1344 2543 1511 2587; x_wconf 85' lang='lat' dir='ltr'>geschah,</span> <span class='ocrx_word' id='word_1_307' title='bbox 1550 2543 1626 2577; x_wconf 88' lang='lat' dir='ltr'>weil</span> <span class='ocrx_word' id='word_1_308' title='bbox 1656 2554 1736 2576; x_wconf 83' lang='lat' dir='ltr'>man</span> <span class='ocrx_word' id='word_1_309' title='bbox 1767 2541 1840 2576; x_wconf 81' lang='lat' dir='ltr'>sich</span> <span class='ocrx_word' id='word_1_310' title='bbox 1866 2542 1945 2576; x_wconf 89' lang='lat' dir='ltr'>den-</span> 
     </span>
     <span class='ocr_line' id='line_1_39' title="bbox 407 2587 1946 2635; baseline -0.003 -9"><span class='ocrx_word' id='word_1_311' title='bbox 407 2593 522 2626; x_wconf 85' lang='lat' dir='ltr'>selbeu</span> <span class='ocrx_word' id='word_1_312' title='bbox 547 2593 598 2626; x_wconf 88' lang='lat' dir='ltr'>als</span> <span class='ocrx_word' id='word_1_313' title='bbox 625 2593 689 2626; x_wconf 89' lang='lat' dir='ltr'>den</span> <span class='ocrx_word' id='word_1_314' title='bbox 711 2591 937 2635; x_wconf 87' lang='lat' dir='ltr'>Gesetzgeber</span> <span class='ocrx_word' id='word_1_315' title='bbox 962 2590 1176 2625; x_wconf 87' lang='lat' dir='ltr'>schlechthin</span> <span class='ocrx_word' id='word_1_316' title='bbox 1203 2590 1342 2632; x_wconf 79' lang='lat' dir='ltr'>dach‘oe;</span> <span class='ocrx_word' id='word_1_317' title='bbox 1368 2601 1431 2623; x_wconf 93' lang='lat' dir='ltr'>von</span> <span class='ocrx_word' id='word_1_318' title='bbox 1456 2589 1563 2623; x_wconf 86' lang='lat' dir='ltr'>seiten</span> <span class='ocrx_word' id='word_1_319' title='bbox 1586 2588 1780 2623; x_wconf 83' lang='lat' dir='ltr'>Friedrichs</span> <span class='ocrx_word' id='word_1_320' title='bbox 1805 2588 1853 2622; x_wconf 87' lang='lat' dir='ltr'>ist</span> <span class='ocrx_word' id='word_1_321' title='bbox 1876 2587 1946 2622; x_wconf 83' lang='lat' dir='ltr'>die-</span> 
     </span>
     <span class='ocr_line' id='line_1_40' title="bbox 407 2635 1703 2682; baseline -0.002 -10"><span class='ocrx_word' id='word_1_322' title='bbox 407 2639 498 2672; x_wconf 87' lang='lat' dir='ltr'>selbe</span> <span class='ocrx_word' id='word_1_323' title='bbox 522 2650 580 2672; x_wconf 89' lang='lat' dir='ltr'>um</span> <span class='ocrx_word' id='word_1_324' title='bbox 607 2650 643 2672; x_wconf 89' lang='lat' dir='ltr'>so</span> <span class='ocrx_word' id='word_1_325' title='bbox 667 2637 911 2682; x_wconf 83' lang='lat' dir='ltr'>begreiflicher‚</span> <span class='ocrx_word' id='word_1_326' title='bbox 938 2637 988 2670; x_wconf 86' lang='lat' dir='ltr'>als</span> <span class='ocrx_word' id='word_1_327' title='bbox 1013 2637 1098 2671; x_wconf 85' lang='lat' dir='ltr'>Karl</span> <span class='ocrx_word' id='word_1_328' title='bbox 1125 2636 1184 2670; x_wconf 86' lang='lat' dir='ltr'>der</span> <span class='ocrx_word' id='word_1_329' title='bbox 1209 2635 1335 2670; x_wconf 86' lang='lat' dir='ltr'>Grosse</span> <span class='ocrx_word' id='word_1_330' title='bbox 1359 2636 1432 2669; x_wconf 88' lang='lat' dir='ltr'>sein</span> <span class='ocrx_word' id='word_1_331' title='bbox 1456 2635 1599 2669; x_wconf 88' lang='lat' dir='ltr'>Vorbild</span> <span class='ocrx_word' id='word_1_332' title='bbox 1624 2645 1703 2670; x_wconf 85' lang='lat' dir='ltr'>war.</span> 
     </span>
    </p>

    <p class='ocr_par' dir='ltr' id='par_1_11' title="bbox 405 2680 1943 2912">
     <span class='ocr_line' id='line_1_41' title="bbox 482 2680 1943 2727; baseline -0.003 -9"><span class='ocrx_word' id='word_1_333' title='bbox 482 2685 557 2726; x_wconf 85' lang='grc'>***)</span> <span class='ocrx_word' id='word_1_334' title='bbox 582 2685 653 2718; x_wconf 79' lang='lat' dir='ltr'>Fur</span> <span class='ocrx_word' id='word_1_335' title='bbox 677 2684 731 2718; x_wconf 89' lang='lat' dir='ltr'>die</span> <span class='ocrx_word' id='word_1_336' title='bbox 748 2683 967 2727; x_wconf 71' lang='lat' dir='ltr'>Aufzahlung</span> <span class='ocrx_word' id='word_1_337' title='bbox 992 2683 1051 2716; x_wconf 86' lang='lat' dir='ltr'>der</span> <span class='ocrx_word' id='word_1_338' title='bbox 1077 2682 1258 2725; x_wconf 87' lang='lat' dir='ltr'>„villarum</span> <span class='ocrx_word' id='word_1_339' title='bbox 1278 2682 1512 2716; x_wconf 86' lang='lat' dir='ltr'>habitatores“</span> <span class='ocrx_word' id='word_1_340' title='bbox 1540 2681 1611 2715; x_wconf 89' lang='lat' dir='ltr'>und</span> <span class='ocrx_word' id='word_1_341' title='bbox 1635 2681 1696 2715; x_wconf 90' lang='lat' dir='ltr'>der</span> <span class='ocrx_word' id='word_1_342' title='bbox 1720 2680 1860 2723; x_wconf 81' lang='lat' dir='ltr'>‚,villici‚</span> <span class='ocrx_word' id='word_1_343' title='bbox 1885 2681 1943 2725; x_wconf 91' lang='lat' dir='ltr'>qui</span> 
     </span>
     <span class='ocr_line' id='line_1_42' title="bbox 407 2726 1941 2775; baseline -0.003 -11"><span class='ocrx_word' id='word_1_344' title='bbox 407 2731 450 2764; x_wconf 86' lang='lat' dir='ltr'>ad</span> <span class='ocrx_word' id='word_1_345' title='bbox 475 2731 594 2764; x_wconf 86' lang='lat' dir='ltr'>fiscum</span> <span class='ocrx_word' id='word_1_346' title='bbox 618 2730 833 2775; x_wconf 85' lang='lat' dir='ltr'>imperatoris</span> <span class='ocrx_word' id='word_1_347' title='bbox 856 2729 1051 2775; x_wconf 81' lang='lat' dir='ltr'>pertinent“</span> <span class='ocrx_word' id='word_1_348' title='bbox 1088 2730 1187 2762; x_wconf 84' lang='lat' dir='ltr'>unter</span> <span class='ocrx_word' id='word_1_349' title='bbox 1223 2729 1287 2762; x_wconf 86' lang='lat' dir='ltr'>den</span> <span class='ocrx_word' id='word_1_350' title='bbox 1311 2728 1519 2762; x_wconf 85' lang='lat' dir='ltr'>befriedeten</span> <span class='ocrx_word' id='word_1_351' title='bbox 1543 2727 1712 2761; x_wconf 88' lang='lat' dir='ltr'>Personen</span> <span class='ocrx_word' id='word_1_352' title='bbox 1736 2726 1845 2760; x_wconf 89' lang='lat' dir='ltr'>findet</span> <span class='ocrx_word' id='word_1_353' title='bbox 1869 2726 1941 2760; x_wconf 83' lang='lat' dir='ltr'>sich</span> 
     </span>
     <span class='ocr_line' id='line_1_43' title="bbox 405 2771 1939 2820; baseline -0.003 -10"><span class='ocrx_word' id='word_1_354' title='bbox 405 2777 483 2810; x_wconf 88' lang='lat' dir='ltr'>kein</span> <span class='ocrx_word' id='word_1_355' title='bbox 508 2777 766 2820; x_wconf 88' lang='lat' dir='ltr'>anderweitiges</span> <span class='ocrx_word' id='word_1_356' title='bbox 780 2775 939 2819; x_wconf 84' lang='lat' dir='ltr'>Beispiel.</span> <span class='ocrx_word' id='word_1_357' title='bbox 988 2775 1035 2808; x_wconf 89' lang='lat' dir='ltr'>Zu</span> <span class='ocrx_word' id='word_1_358' title='bbox 1061 2775 1125 2808; x_wconf 86' lang='lat' dir='ltr'>den</span> <span class='ocrx_word' id='word_1_359' title='bbox 1151 2777 1327 2808; x_wconf 82' lang='lat' dir='ltr'>venatores</span> <span class='ocrx_word' id='word_1_360' title='bbox 1351 2774 1418 2818; x_wconf 89' lang='lat' dir='ltr'>vgl.</span> <span class='ocrx_word' id='word_1_361' title='bbox 1436 2773 1591 2807; x_wconf 70' lang='lat' dir='ltr'>Eleasser</span> <span class='ocrx_word' id='word_1_362' title='bbox 1607 2772 1745 2807; x_wconf 83' lang='lat' dir='ltr'>Landfr.</span> <span class='ocrx_word' id='word_1_363' title='bbox 1762 2771 1896 2806; x_wconf 80' lang='lat' dir='ltr'>Artikel</span> <span class='ocrx_word' id='word_1_364' title='bbox 1925 2776 1939 2807; x_wconf 89' lang='lat'>1</span> 
     </span>
     <span class='ocr_line' id='line_1_44' title="bbox 405 2817 1941 2866; baseline -0.003 -9"><span class='ocrx_word' id='word_1_365' title='bbox 405 2823 483 2865; x_wconf 90' lang='lat' dir='ltr'>(Bd.</span> <span class='ocrx_word' id='word_1_366' title='bbox 510 2826 542 2865; x_wconf 81' lang='lat'>3,</span> <span class='ocrx_word' id='word_1_367' title='bbox 567 2823 717 2866; x_wconf 87' lang='lat' dir='ltr'>Anhang</span> <span class='ocrx_word' id='word_1_368' title='bbox 741 2823 762 2856; x_wconf 91' lang='lat' dir='ltr'>b</span> <span class='ocrx_word' id='word_1_369' title='bbox 787 2822 915 2856; x_wconf 88' lang='lat' dir='ltr'>meiner</span> <span class='ocrx_word' id='word_1_370' title='bbox 940 2821 1165 2864; x_wconf 82' lang='lat' dir='ltr'>Sammlung),</span> <span class='ocrx_word' id='word_1_371' title='bbox 1192 2832 1231 2854; x_wconf 88' lang='lat' dir='ltr'>zu</span> <span class='ocrx_word' id='word_1_372' title='bbox 1258 2820 1316 2854; x_wconf 90' lang='lat' dir='ltr'>der</span> <span class='ocrx_word' id='word_1_373' title='bbox 1340 2819 1605 2863; x_wconf 81' lang='lat' dir='ltr'>hinzugefiigten</span> <span class='ocrx_word' id='word_1_374' title='bbox 1622 2818 1763 2853; x_wconf 83' lang='lat' dir='ltr'>Klausel</span> <span class='ocrx_word' id='word_1_375' title='bbox 1789 2817 1941 2852; x_wconf 62' lang='lat' dir='ltr'>Sohwsb.</span> 
     </span>
     <span class='ocr_line' id='line_1_45' title="bbox 405 2863 1943 2912; baseline -0.003 -9"><span class='ocrx_word' id='word_1_376' title='bbox 405 2869 542 2903; x_wconf 84' lang='lat' dir='ltr'>Landfr.</span> <span class='ocrx_word' id='word_1_377' title='bbox 582 2868 799 2902; x_wconf 87' lang='lat' dir='ltr'>Schlusssatz</span> <span class='ocrx_word' id='word_1_378' title='bbox 839 2867 916 2912; x_wconf 67' lang='lat' dir='ltr'>(Bd.</span> <span class='ocrx_word' id='word_1_379' title='bbox 943 2871 975 2909; x_wconf 89' lang='grc'>3,</span> <span class='ocrx_word' id='word_1_380' title='bbox 1010 2867 1157 2910; x_wconf 88' lang='lat' dir='ltr'>Anhang</span> <span class='ocrx_word' id='word_1_381' title='bbox 1182 2871 1211 2908; x_wconf 86' lang='lat' dir='ltr'>c)</span> <span class='ocrx_word' id='word_1_382' title='bbox 1250 2866 1320 2900; x_wconf 90' lang='lat' dir='ltr'>und</span> <span class='ocrx_word' id='word_1_383' title='bbox 1355 2865 1563 2900; x_wconf 87' lang='lat' dir='ltr'>Constitutio</span> <span class='ocrx_word' id='word_1_384' title='bbox 1601 2865 1642 2899; x_wconf 88' lang='lat' dir='ltr'>de</span> <span class='ocrx_word' id='word_1_385' title='bbox 1678 2875 1759 2908; x_wconf 86' lang='lat' dir='ltr'>paee</span> <span class='ocrx_word' id='word_1_386' title='bbox 1795 2863 1943 2898; x_wconf 79' lang='lat' dir='ltr'>tenenda</span> 
     </span>
    </p>
   </div>
   <div class='ocr_carea' id='block_1_5' title="bbox 405 2915 627 2949">
    <p class='ocr_par' dir='ltr' id='par_1_12' title="bbox 405 2915 627 2949">
     <span class='ocr_line' id='line_1_46' title="bbox 405 2915 627 2949; baseline 0 -1"><span class='ocrx_word' id='word_1_387' title='bbox 405 2915 539 2948; x_wconf 84' lang='lat' dir='ltr'>Artikel</span> <span class='ocrx_word' id='word_1_388' title='bbox 568 2917 607 2949; x_wconf 79' lang='lat'>14</span> <span class='ocrx_word' id='word_1_389' title='bbox 620 2916 627 2948; x_wconf 92' lang='lat'>!</span> 
     </span>
    </p>
   </div>
   <div class='ocr_carea' id='block_1_6' title="bbox 570 2281 683 2284">
    <p class='ocr_par' dir='ltr' id='par_1_13' title="bbox 570 2281 683 2284">
     <span class='ocr_line' id='line_1_47' title="bbox 570 2281 683 2284; baseline 0 0"><span class='ocrx_word' id='word_1_390' title='bbox 570 2281 683 2284; x_wconf 95' lang='lat' dir='ltr'> </span> 
     </span>
    </p>
   </div>
   <div class='ocr_carea' id='block_1_7' title="bbox 2047 0 2098 1246">
    <p class='ocr_par' dir='ltr' id='par_1_14' title="bbox 2047 0 2098 1246">
     <span class='ocr_line' id='line_1_48' title="bbox 2047 0 2098 1246; baseline 0 0"><span class='ocrx_word' id='word_1_391' title='bbox 2047 0 2098 1246; x_wconf 95' lang='lat' dir='ltr'> </span> 
     </span>
    </p>
   </div>
  </div>
 </body>
</html>
