2098 3432
1618 246 1675 289 37

106 373 188 405 nun
217 359 414 414 glorietur
441 359 519 401 hoc
549 359 693 414 capite,
726 359 836 413 quod
868 361 987 402 ambo
1007 359 1068 401 illi
1099 359 1263 413 gloriosi
1292 360 1497 414 principes
1526 364 1671 410 terrae,

106 418 210 461 alter
249 417 417 468 amisso,
457 417 562 458 alter
601 417 806 459 submisso
836 417 878 458 in
908 430 1027 460 cruce
1058 417 1210 471 capite,
1253 430 1328 459 suo
1359 418 1569 471 triumpho
1601 430 1669 459 ex-

106 475 310 524 wlerunt,
348 487 422 516 suo
451 474 663 538 sauguine
699 476 980 516 ornaverunt?
1038 475 1102 516 Ad
1139 487 1306 516 omnem
1342 475 1481 528 itaque
1513 477 1673 529 spectat

106 531 415 576 christianum
404 531 555 573 iniuria
568 532 872 586 Apostolorum,
902 534 944 574 et
964 532 1102 574 sicut'
1091 545 1135 573 111
1165 544 1330 574 omnem
1360 533 1515 573 terram
1546 532 1669 574 exivit

70 595 74 606 ⁷
105 601 230 633 8011118
259 601 414 638 eorum,
444 588 503 630 sic
531 589 657 631 laesio
689 589 912 631 eorundem
943 590 994 631 ab
1023 589 1214 631 omnibus
1244 601 1545 643 usquequaque
1576 602 1669 631 sen-

62 646 216 697 auu,
245 658 545 710 usquequaque
574 646 786 700 plangitur
817 648 858 688 et
887 646 1059 688 doletur.

216 702 325 756 Quid
354 703 469 746 vobis
498 703 636 745 visum
666 705 740 754 est,
771 716 795 746 0
824 704 1020 754 Romani,
1051 703 1254 745 offendere
1285 703 1489 757 principes
1520 703 1677 753 mundi,

60 761 264 807 ,Wmtros
318 762 460 803 autem
512 753 710 815 speci'ales
763 763 990 815 patronos?
1064 760 1147 803 Cur
1192 761 1351 813 Regem
1395 762 1547 806 101100,
1606 774 1679 802 0111·

107 817 331 866 nominum
386 818 489 860 coeli
546 818 684 860 furore
727 820 816 860 tam
867 818 1114 860 intolerabili
1161 830 1288 871 quam
1325 807 1594 859 irrationabili
1638 819 1680 859 in

82 885 177 920 'rm
209 875 363 931 pariter
403 875 654 930 provocatiS,
697 875 798 917 dum
837 888 999 917 sacram
1038 877 1080 917 et
1118 875 1387 930 apostolicam
1417 875 1575 925 sedem,
1618 875 1678 916 di-

102 932 209 985 „uiuis
237 933 530 998 regalibusque
549 933 775 998 privilegiis
807 933 1073 987 singulariter
1103 932 1383 982 sublimatam,
1416 945 1521 974 ausu
1552 933 1677 974 sacri-

106 990 198 1045 logo
242 990 446 1032 incessere
491 1003 649 1055 suoque
689 990 877 1032 minuere
926 991 1080 1032 honore
1120 990 1387 1039 contenditis,
1437 1003 1564 1043 quam
1613 991 1676 1032 vel

107 1047 183 1091 noli
215 1039 359 1090 0011110
387 1060 542 1098 omnes,
573 1048 608 1089 si
638 1048 899 1102 oportuisset,
930 1047 1147 1089 defendere
1179 1047 1409 1088 debuistis?
1466 1047 1543 1097 Sic,
1573 1047 1676 1089 fatui

63 1154 66 1157 ,
108 1105 305 1156 Romani,
340 1118 424 1147 non
460 1104 690 1147 iudicantes
730 1117 866 1158 neque
898 1105 1007 1158 quod
1037 1105 1260 1146 honestum
1292 1106 1356 1146 est
1386 1104 1676 1155 discernentes,

108 1163 234 1218 caput
263 1164 456 1205 vestrum
507 1164 633 1216 atque
672 1163 879 1210 omnium,
926 1162 1037 1216 quod
1074 1163 1116 1203 in
1146 1162 1260 1203 vobis
1302 1163 1386 1212 est,
1437 1162 1677 1212 deturbatis,

104 1232 178 1276 pro
215 1232 297 1274 quo
335 1219 471 1274 magis
506 1232 583 1262 nec
623 1220 771 1262 vestris
809 1219 909 1274 ipsis
949 1219 1174 1262 cervicibus
1215 1219 1468 1273 parcendum
1508 1232 1532 1260 a
1562 1220 1676 1261 vobis

104 1277 226 1328 floret,
265 1277 300 1320 si
341 1277 569 1319 necessitas
608 1278 841 1331 exegisset?
899 1277 1046 1319 Patres
1088 1277 1214 1319 vestri
1254 1277 1359 1319 Urbi
1402 1277 1543 1318 orbem
1583 1278 1679 1318 sub-

107 1334 374 1389 iugaverunt;
425 1347 498 1377 vos
543 1334 702 1377 Urbem
757 1335 988 1389 properatis
1033 1334 1119 1377 orbi
1164 1334 1298 1376 facere
1341 1334 1536 1376 fabulam.
1615 1335 1677 1376 En

103 1390 216 1435 Petri
252 1392 398 1434 haeres
426 1392 542 1435 Petri
572 1392 669 1434 sede
699 1394 741 1434 et
773 1393 872 1434 urbe
913 1405 937 1434 a
966 1392 1080 1434 vobis
1112 1392 1306 1446 expulsus
1347 1394 1428 1442 est,
1460 1405 1510 1434 en
1550 1393 1673 1433 rebus

105 1451 147 1492 et
184 1449 372 1492 domibus
413 1450 500 1492 suis
547 1450 695 1492 vestris
732 1451 925 1492 manibus
956 1449 1120 1504 spoliati
1151 1451 1250 1490 sunt
1280 1449 1507 1491 cardinales
1549 1452 1674 1502 atque

106 1506 304 1562 episcopi,
340 1507 520 1549 ministri
549 1507 728 1549 Domini.
790 1507 823 1550 O
861 1508 1012 1562 popule
1051 1507 1179 1549 stulte
1220 1509 1261 1548 et
1290 1506 1507 1561 insipiens,
1548 1520 1570 1548 o
1610 1520 1674 1548 co-

109 1563 250 1607 lumba
279 1564 451 1610 seducta
477 1577 561 1607 non
591 1565 748 1607 habens
780 1565 866 1607 cor!
926 1565 1074 1607 Nonne
1103 1564 1172 1606 ille
1213 1565 1358 1618 caput,
1398 1567 1440 1606 et
1477 1565 1536 1605 illi
1567 1565 1673 1605 oculi

106 1621 172 1664 tui
206 1623 353 1664 erant?
422 1621 531 1674 Quid
569 1635 665 1676 ergo
705 1635 817 1664 1111110
855 1622 1008 1673 Roma,
1052 1622 1132 1663 nisi
1177 1621 1264 1663 sine
1309 1621 1441 1676 capite
1477 1623 1673 1663 truncum

109 1691 274 1734 corpus,
311 1679 399 1721 sine
428 1679 556 1722 oculis
586 1679 699 1722 frons
730 1679 894 1730 effossa,
933 1679 1058 1722 facies
1088 1680 1340 1720 tenebrosa?
1398 1679 1542 1733 Aperi,
1574 1692 1674 1732 gens

108 1736 277 1787 misera,
313 1737 425 1792 aperi
462 1737 602 1779 oculos
631 1738 727 1779 tuos
758 1740 800 1779 et
828 1737 920 1779 vide
952 1737 1247 1779 desolationem
1277 1738 1397 1778 tuam
1426 1736 1677 1790 iamiamque

109 1793 406 1836 imminentem.
456 1793 670 1846 Quomodo
691 1795 734 1836 in
755 1795 867 1837 brevi
895 1796 1084 1836 mutatus
1115 1795 1179 1835 est
1209 1794 1317 1835 color
1347 1793 1539 1848 optimus,
1570 1794 1679 1835 facta

109 1852 174 1950 at
202 1851 320 1906 quasi
335 1851 474 1959 Ι11111110
503 1851 671 1894 domina
700 1853 898 1906 gentium,
928 1852 1118 1906 princeps
1148 1851 1482 1906 provinciarum?
1509 1851 1678 1905 (Thren.

169 1939 181 1960 ,
213 1910 235 1950 1
266 1922 306 1950 u.
402 1909 453 1963 1.)

220 1965 377 2008 Verum
405 1966 524 2008 initia
553 1967 758 2009 malorum
789 1968 889 2008 sunt
916 1967 1042 2015 haec;
1074 1966 1262 2020 graviora
1291 1966 1499 2007 timemus.
1543 1965 1677 2006 Num-

109 2021 207 2078 quid
243 2036 326 2066 non
353 2036 480 2078 prope
509 2023 726 2066 interitum
757 2037 818 2075 es,
849 2024 884 2065 si
913 2024 1129 2079 persistis?
1191 2023 1432 2074 Revertere,
1461 2025 1678 2072 revertere,

109 2079 358 2131 SunamitiS,
395 2083 600 2123 revertere
639 2081 691 2123 ad
728 2094 796 2124 cor
825 2083 966 2132 tuum,
1017 2093 1190 2134 agnosce
1221 2081 1305 2122 iam
1334 2081 1399 2122 vel
1430 2093 1530 2130 sero,
1563 2092 1680 2133 quae,

109 2139 281 2192 quanta,
321 2150 348 2180 a
377 2138 527 2192 quibus
556 2139 727 2193 patiaris
766 2139 830 2181 vel
871 2151 995 2194 passa
1031 2139 1097 2180 sis.
1157 2138 1400 2187 Recordare,
1432 2150 1514 2191 qua
1544 2150 1679 2186 causa,

108 2206 190 2249 quo
222 2195 328 2246 fine,
364 2208 439 2250 per
479 2209 582 2260 quos
622 2198 664 2238 et
700 2196 743 2237 in
785 2209 888 2249 quos
927 2209 1029 2238 usus
1068 2209 1151 2237 non
1190 2195 1310 2259 longe
1347 2197 1442 2236 ante
1481 2195 1555 2236 hos
1594 2194 1679 2235 dies

108 2253 367 2303 cunctarum,
398 2265 504 2307 quae
524 2253 567 2295 in
587 2254 628 2295 te
660 2255 769 2304 sunt,
800 2254 1066 2295 ecclesiarum
1096 2252 1230 2294 omnis
1261 2255 1431 2294 ornatus
1462 2254 1504 2294 et
1533 2265 1680 2293 census

107 2309 348 2365 profligatus
379 2312 453 2352 est.
503 2309 746 2375 Quidquid
736 2324 778 2352 m
810 2311 1010 2353 altaribus
1041 2312 1083 2352 et
1112 2311 1155 2351 in
1186 2310 1381 2351 altarium
1411 2309 1531 2359 vasis,
1563 2309 1680 2362 quid-

108 2365 208 2421 quid
243 2367 287 2409 in
322 2367 425 2422 ipsis
455 2368 582 2410 sacris
611 2368 863 2422 imaginibus
894 2369 983 2410 auri
1020 2370 1062 2410 et
1094 2367 1255 2421 argenti
1283 2367 1453 2422 reperiri
1482 2370 1583 2408 tunc
1611 2380 1683 2420 po-

109 2423 209 2475 tuit,
242 2425 434 2467 manibus
472 2425 693 2490 impiorum
729 2425 937 2480 direptum
978 2428 1019 2467 01
1057 2427 1317 2489 asportatum
1359 2427 1433 2466 est.
1493 2423 1603 2475 Quid
1634 2437 1682 2465 ex

107 2481 174 2523 his
208 2482 398 2524 omnibus
439 2483 488 2524 tu
527 2483 570 2524 in
611 2483 694 2524 tuis
734 2496 847 2524 nunc
884 2483 1107 2537 marsupiis
1152 2482 1342 2524 invenis?
1400 2482 1527 2523 Porro
1565 2481 1686 2522 decor

109 2537 254 2581 domus
297 2539 464 2581 Domini
507 2539 878 2594 irrecuperabiliter
918 2540 1051 2595 periit.
1125 2540 1189 2581 Et
1232 2552 1372 2581 nunc
1416 2539 1543 2592 quid
1583 2538 1682 2580 tibi

109 2595 277 2638 visum
307 2598 386 2638 081
413 2596 617 2639 iterare
646 2597 925 2648 malitiam,
955 2598 1211 2639 innovare
1243 2597 1408 2638 denuo
1439 2609 1600 2651 super
1628 2597 1681 2636 te

109 2651 221 2696 dies
255 2653 454 2695 malos?
513 2653 648 2706 Quid
686 2655 835 2696 modo
866 2655 946 2696 vel
978 2655 1119 2697 lucri
1150 2653 1423 2708 amplioris
1461 2654 1543 2696 vel
1574 2666 1685 2694 cer-

109 2709 264 2752 tioris
303 2711 415 2765 spei
454 2711 648 2753 arridet
683 2712 815 2753 tibi?
874 2712 992 2753 Nisi
1031 2712 1170 2765 quod
1208 2712 1260 2752 in
1301 2724 1355 2752 eo
1395 2711 1685 2753 novissima

109 2766 200 2810 tua
238 2770 529 2810 cernuntur
567 2769 875 2811 incautiora
911 2769 1200 2823 prioribus,
1239 2768 1375 2821 quod
1403 2770 1527 2809 tunc
1559 2768 1686 2820 qui-

110 2822 223 2867 dem
249 2837 349 2868 non
379 2826 547 2868 solum
575 2826 733 2868 multi
762 2826 820 2868 de
850 2827 1018 2880 plebe,
1058 2826 1148 2868 sed
1180 2826 1334 2867 etiam
1364 2825 1421 2866 de
1452 2826 1599 2866 clero
1637 2826 1688 2865 et

111 2879 169 2923 de
206 2882 538 2937 principibus
576 2883 821 2925 nonnulli
855 2896 948 2938 per
986 2884 1162 2926 orbem
1190 2883 1239 2924 in
1271 2882 1561 2924 schismate
1591 2882 1685 2923 illo
