2098 3432
441 310 520 351 190

438 422 583 464 favoris
624 422 685 463 sui
723 423 906 464 revelans
949 436 1116 466 arcana:
1162 425 1358 479 quidquid
1387 426 1536 482 Papiae
1577 430 1739 482 gestum
1767 432 1848 480 est,
1885 432 1972 473 tam

439 479 634 531 aequitati
673 491 797 530 quam
832 480 1023 532 legitimis
1053 482 1407 524 constitutionibus
1439 486 1479 525 et
1508 486 1780 527 sanctionibus
1809 488 1972 540 patrum

438 535 639 576 invenitur
678 534 904 579 adversum.
972 536 1129 590 Quippe
1167 539 1353 579 absentes
1392 540 1647 582 condemnati
1691 543 1807 591 sunt,
1851 545 1893 584 et
1930 543 1971 584 111

437 603 559 631 causa
597 603 678 630 non
718 591 964 641 examinata,
1001 593 1081 633 imo
1112 594 1245 646 potius
1274 607 1355 635 non
1383 595 1438 635 ibi
1466 609 1545 637 non
1576 597 1633 638 sic
1660 610 1741 638 non
1771 610 1795 638 a
1822 598 1972 639 talibus

437 646 713 694 examinanda,
743 646 1000 700 impudenter
1030 650 1070 689 et
1098 649 1377 702 imprudenter
1406 653 1447 692 et
1474 653 1660 704 nequiter
1689 654 1752 694 est
1780 654 1975 708 praecipi-

436 704 524 742 tata
553 702 762 742 sententia.

550 758 628 798 Sed
650 757 752 798 forte
774 759 1034 800 absentantes
1056 773 1179 812 quam
1211 762 1396 803 absentes
1427 763 1560 816 potius
1592 764 1667 805 dici
1697 765 1839 818 placet.
1887 765 1974 807 Hoc

435 814 553 867 plane
574 814 648 863 his,
680 814 751 866 qui
780 817 942 855 sanctae
963 816 1170 857 Romanae
1191 818 1381 859 ecclesiae
1402 819 1656 872 privilegium
1687 821 1759 861 aut
1786 821 1974 873 ignorant

437 872 507 910 aut
527 870 796 910 dissimulant.
845 871 1126 912 Universalem
1148 874 1357 914 ecclesiam
1378 875 1468 926 quis
1498 875 1753 928 particularis
1785 877 1974 918 ecclesiae

436 926 605 966 subiecit
652 926 826 967 iudicio?
904 927 1029 977 Quis
1078 929 1394 971 Teutonicos
1443 931 1720 972 constituit
1766 932 1973 974 iudices

435 983 734 1023 nationum?
800 982 928 1032 Quis
967 984 1098 1025 hanc
1141 985 1317 1026 brutis
1362 988 1410 1027 et
1455 987 1766 1040 impetuosis
1810 989 1976 1030 homi-

436 1038 583 1078 nibus
631 1039 1012 1080 auctoritatem
1057 1041 1304 1091 contulit,
1351 1044 1406 1082 ut
1447 1055 1535 1095 pro
1579 1043 1794 1091 arbitrio
1837 1044 1975 1098 prin-

435 1094 601 1147 cipem
637 1096 886 1135 statuant
921 1108 1075 1148 super
1113 1097 1291 1150 capita
1343 1098 1578 1139 filiorum
1627 1100 1974 1154 hominum?*)

437 1150 488 1190 Et
526 1150 690 1202 quidem
726 1151 802 1191 hoc
830 1151 973 1192 furor
1003 1164 1143 1192 eorum
1173 1153 1407 1206 saepissime
1438 1155 1671 1205 attentavit,
1711 1155 1782 1196 sed
1811 1158 1974 1197 auctore

436 1206 609 1247 Domino
630 1206 778 1247 totiens
798 1209 1027 1259 prostratus
1049 1210 1090 1248 et
1110 1209 1300 1250 confusus
1322 1222 1442 1263 super
1462 1211 1676 1263 iniquitate
1697 1223 1774 1252 sua
1803 1212 1974 1253 erubuit.

437 1262 516 1302 Sed
538 1263 628 1311 scio,
650 1262 747 1314 quid
767 1263 1012 1304 Teutonicus
1032 1265 1234 1305 moliatur.
1263 1266 1387 1306 Eram
1409 1267 1516 1307 enim
1537 1267 1700 1316 Romae,
1719 1267 1974 1321 praesidente

435 1319 553 1359 beato
583 1318 775 1370 Eugenio‚
806 1319 977 1371 quando,
1008 1320 1140 1373 prima
1168 1321 1368 1373 legatione
1396 1323 1522 1363 missa
1549 1322 1591 1363 in
1621 1323 1736 1375 regni
1757 1324 1820 1364 sui
1847 1324 1974 1373 initio,

436 1374 539 1414 tanti
578 1375 665 1414 ausi
694 1375 989 1427 impudentiam
1019 1378 1155 1417 tumor
1182 1377 1446 1419 intolerabilis
1478 1381 1518 1419 et
1546 1378 1686 1431 lingua
1714 1379 1879 1420 incauta
1907 1379 1976 1421 (16-

434 1431 545 1471 texit.
603 1430 874 1471 Promittebat
902 1432 1010 1472 enim
1039 1444 1082 1472 se
1111 1433 1237 1474 totius
1267 1434 1372 1474 orbis
1402 1434 1719 1475 reformaturum
1746 1435 1973 1489 imperium,
2037 1442 2047 1452 ·

436 1488 477 1526 et
506 1486 595 1527 urbi
628 1486 923 1528 subiiciendum
953 1488 1110 1537 orbem,
1141 1491 1367 1542 eventuque
1397 1490 1504 1531 facili
1534 1491 1669 1531 omnia
1697 1491 1974 1541 subacturum,

434 1542 468 1582 si
509 1542 545 1583 ei
584 1542 634 1583 ad
674 1543 750 1583 hoc
789 1543 912 1584 solius
950 1544 1123 1584 Romani
1164 1545 1364 1598 pontificis
1401 1546 1512 1587 favor
1551 1547 1722 1588 adesset.
1778 1547 1828 1588 Id
1867 1547 1974 1589 enim

436 1599 591 1650 agebat,
623 1599 729 1639 utin
753 1611 1052 1652 quemcumque
1074 1600 1327 1642 denunciatis
1357 1602 1576 1643 inimicitiis
1606 1602 1859 1644 materialem
1888 1604 1974 1656 gla-

435 1654 547 1695 dium
568 1655 797 1708 imperator‚
826 1655 868 1695 in
891 1655 1065 1696 eundem
1087 1657 1293 1698 Romanus
1314 1658 1492 1711 pontifex
1513 1658 1764 1712 spiritualem
1793 1659 1974 1711 gladium

434 1713 646 1751 exsereret.
660 1711 727 1763 **)
782 1711 873 1752 Non
895 1712 1049 1752 invenit
1070 1712 1212 1762 adhuc,
1244 1715 1313 1766 qui
1334 1716 1473 1755 tantae
1494 1715 1738 1755 consentiret
1756 1715 1974 1767 iniquitati,

434 1767 602 1820 ipsoque
631 1770 884 1820 repugnante
904 1768 1056 1821 Moyse,
1085 1769 1109 1809 i.
1131 1781 1163 1809 e.
1194 1770 1491 1811 contradicente
1512 1771 1600 1823 lege
1623 1770 1798 1820 Domini,
1828 1771 1975 1812 Balaa-

434 1823 577 1863 mitam
615 1823 691 1864 sibi
721 1823 862 1864 ascivit
890 1824 1140 1877 pontificem,
1179 1838 1250 1879 per
1279 1838 1400 1878 quem
1428 1826 1689 1867 malediceret
1716 1827 1863 1880 populo
1892 1827 1974 1868 Do-

433 1879 544 1928 mini,
603 1879 734 1919 filium
776 1879 914 1932 itaque
966 1880 1281 1931 maledictionis,
1320 1895 1391 1935 per
1429 1882 1543 1923 cuius
1582 1882 1903 1935 designationem
1933 1885 1974 1924 et

433 1935 762 1988 expectationem,
792 1949 864 1989 per
883 1937 1036 1976 multas
1059 1937 1342 1987 successiones,
1374 1950 1397 1979 a
1416 1938 1556 1992 primis
1584 1938 1761 1980 familiae
1790 1939 1973 1992 patribus

433 1991 481 2031 ad
513 1991 659 2044 ipsum,
689 1992 754 2032 cui
774 1993 1067 2042 reservabatur,
1098 1994 1302 2035 maledicti
1333 1994 1562 2035 derivatum
1591 1996 1653 2035 est
1681 1996 1723 2035 et
1751 2007 1973 2047 cognomen

433 2049 473 2086 et
509 2060 668 2088 nomen.
726 2048 780 2088 Et
824 2048 926 2089 forte
971 2048 1022 2089 ad
1067 2050 1350 2103 purgationem
1389 2051 1430 2091 et
1465 2050 1744 2103 probationem
1781 2051 1974 2092 ecclesiae

431 2180 503 2214 bar.
530 2178 776 2222 Ebensowenig
789 2179 954 2222 verbiirgt
965 2179 1013 2213 ist
1027 2179 1081 2213 die
1093 2179 1249 2223 Anklage
1262 2179 1380 2222 Bosos,
1394 2179 1477 2213 Vita
1486 2179 1581 2214 Alex.
1597 2179 1804 2225 (Watterich
1819 2180 1866 2223 H,
1879 2182 1973 2223 384),

433 2225 513 2259 ‹lass
540 2225 594 2259 die
620 2224 819 2259 Gesandten
843 2224 1038 2259 Friedrichs
1063 2225 1186 2259 Viktor
1211 2225 1266 2260 die
1292 2225 1479 2260 Adoration
1503 2226 1665 2260 erwiesen
1689 2226 1821 2261 hatten.
1857 2225 1976 2260 Trotz-

433 2271 507 2305 dnm
533 2271 658 2305 nimmt
681 2271 809 2304 Reuter
834 2282 864 2306 a.
890 2282 920 2306 a.
947 2270 986 2305 Ο.
1012 2271 1040 2314 Ι,
1066 2275 1110 2306 89
1127 2283 1160 2306 11.
1185 2274 1228 2305 92
1260 2271 1358 2306 beide
1383 2271 1563 2316 Anklagen
1589 2273 1640 2306 als
1665 2273 1845 2306 erwiesene
1867 2271 1975 2306 That-

432 2318 557 2352 sachen
589 2318 626 2351 in
667 2317 758 2351 aeine
782 2316 1009 2361 Darstellung
1042 2318 1108 2352 auf.
1149 2337 1191 2344 —-
1230 2318 1302 2351 Das
1327 2318 1448 2351 Recht.
1482 2318 1530 2351 im
1554 2318 1648 2352 Fene
1683 2319 1774 2352 eines
1800 2318 1974 2352 Schismas

431 2365 505 2398 eine
530 2363 935 2407 Ki1·chenversu;··**¹unz3·
967 2375 1004 2395 w
1041 2364 1182 2398 bemsen·
1216 2371 1286 2398 unu
1303 2361 1359 2398 ''zu'
1391 2364 1568 2398 derselben
1600 2365 1699 2399 beide
1734 2363 1973 2410 Gegenpiipste

432 2410 647 2453 vorzuladen,
674 2410 795 2443 hatten
821 2409 875 2443 die
901 2410 1024 2444 Kaiser
1048 2410 1115 2444 seit
1141 2410 1229 2444 alter
1253 2410 1328 2444 Zeit
1352 2411 1531 2454 ausgeiibt.
1559 2411 1632 2453 (Ich
1657 2410 1810 2444 erinnere
1835 2421 1898 2444 aus
1914 2410 1974 2444 der

432 2456 658 2491 unmittelbar
680 2456 981 2499 vorausgehenden
996 2456 1073 2489 Zeit
1097 2467 1139 2490 an
1165 2456 1220 2490 (116
1245 2456 1477 2500 Wiirzburger
1493 2456 1759 2500 Versammlung
1782 2455 1865 2491 d.-J.
1885 2459 1973 2490 1130

431 2503 465 2536 in
484 2502 615 2536 Sachen
633 2502 693 2536 des
706 2501 879 2536 Schismas
897 2502 1063 2536 zwischen
1079 2502 1229 2536 Anaklet
1241 2502 1286 2537 ΙΙ.
1314 2502 1383 2536 und
1400 2502 1565 2536 Innocenz
1580 2502 1647 2546 ΙΙ.)
1695 2502 1786 2536 Dass
1812 2501 1900 2536 auch
1917 2501 1972 2536 (116

431 2548 612 2592 Majoritat
637 2548 697 2582 der
712 2547 953 2592 Zeitgenossen
978 2548 1055 2581 dem
1070 2547 1194 2582 Kaiser
1217 2548 1272 2582 ein
1297 2548 1428 2582 solches
1449 2548 1561 2582 Recht
1586 2549 1803 2590 zuerkannte,
1827 2548 1971 2582 beweist

432 2595 529 2628 nicht
544 2595 637 2628 bloss
655 2594 714 2627 der
730 2594 915 2628 Beschluss
929 2594 1027 2638 jener
1044 2596 1087 2627 22
1105 2594 1274 2637 Bischofe,
1301 2594 1445 2628 sondern
1464 2594 1551 2628 auch
1568 2594 1622 2628 die
1641 2594 1787 2628 Ansicht
1801 2592 1968 2636 Gerhth,

431 2641 483 2674 De
507 2641 628 2675 invest.
655 2639 812 2675 Antichr.
837 2640 866 2683 I,
901 2651 928 2675 c.
955 2642 1010 2682 62,
1044 2651 1141 2674 wenn
1166 2640 1278 2674 dieser
1302 2640 1401 2682 auch,
1435 2651 1493 2674 um
1525 2640 1580 2674 ein
1606 2639 1826 2684 allgemeines
1850 2639 1972 2674 Konzil

432 2698 471 2720 zu
509 2686 749 2730 ermoglichen,
788 2686 851 2720 das
884 2686 1215 2720 Zusammenwirken
1253 2686 1338 2720 aller
1370 2686 1503 2730 Konige
1548 2686 1714 2722 wiinscht.
1776 2686 1808 2726 *)
1853 2685 1973 2720 Dieses

432 2733 604 2767 nationale
637 2732 790 2766 Moment
824 2732 872 2766 im
900 2732 1046 2777 Kampfe
1078 2743 1187 2776 gegen
1220 2732 1284 2766 den
1319 2743 1393 2766 vom
1425 2732 1548 2766 Kaiser
1580 2733 1833 2766 unterstiitzten
1866 2731 1975 2776 Papst

431 2779 555 2813 Viktor
589 2779 680 2813 lernt
712 2789 791 2812 man
827 2778 914 2812 auch
949 2789 1010 2812 aus
1039 2778 1115 2812 dem
1148 2777 1571 2812 Gesandtschaftsbericht
1601 2778 1797 2812 Burehards
1828 2778 1973 2812 konnen.

430 2825 509 2868 Vgl.
536 2825 623 2858 auch
648 2824 703 2858 die
728 2824 970 2858 zweitnachste
994 2824 1240 2868 Anmerkung!
1305 2824 1356 2869 **)
1383 2824 1461 2868 Vgl.
1488 2835 1538 2859 nr.
1564 2824 1691 2858 XXVa
1715 2823 1817 2858 Anm.
1842 2823 1972 2858 meiner

432 2871 657 2915 Sammlung!
