2098 3432
486 337 569 376 226

598 448 768 488 Factum
797 448 839 488 in
868 449 1068 489 territorio
1098 449 1222 502 Papie
1253 449 1517 502 infrascriptis
1547 450 1655 500 locis,
1687 463 1790 492 anno
1822 463 1846 492 a
1874 452 2019 494 nativi-

485 505 569 544 tate
594 504 756 544 Domini
788 504 1001 545 millesimo
1032 506 1250 546 centesimo
1281 506 1580 558 septuagesimo
1612 507 1766 558 quinto,
1795 507 2020 560 imperante

483 559 703 608 ffiederico,
735 572 839 600 anno
868 560 1028 613 imperii
1058 561 1143 601 eius
1174 561 1378 613 vigesimo,
1410 561 1626 603 indictione
1656 564 1808 604 octava.

596 616 680 668 Ego
711 616 969 665 Fantolinus‚
1007 618 1190 657 notarius
1229 617 1380 657 domini
1411 617 1622 659 Guelfonis
1651 618 1765 659 ducis
1796 622 1837 659 et
1866 620 1916 660 ab
1944 620 2021 661 im-

483 673 667 724 peratore
697 672 906 712 Frederico
937 673 1196 713 confirmatus
1236 674 1385 725 postea,
1415 675 1581 725 rogatus
1611 674 1826 727 praedictis
1855 675 2020 717 interfui

484 730 525 768 et
553 728 730 768 iussione
760 729 973 768 consulum
1003 730 1044 769 et
1072 731 1276 770 rectorum
1306 729 1545 770 Lombardie
1585 733 1626 771 et
1654 730 1835 772 Marchie
1871 733 1912 772 et
1940 731 2022 772 Ro-

484 783 616 823 manie
647 784 800 836 scripsi.

596 840 680 891 Ego
721 840 880 889 Petrus,
911 840 1061 881 domini
1092 841 1291 882 Frederici
1323 841 1576 894 imperatoris
1606 843 1808 891 notarius,
1846 843 2022 884 autenti-

483 908 574 935 cum
606 896 727 936 huius
759 896 929 948 exempli
963 897 1052 945 vidi,
1090 897 1182 948 legi,
1213 899 1254 937 et
1283 898 1340 937 sic
1368 898 1411 938 in
1441 910 1486 938 eo
1517 898 1816 948 continebatur,
1845 898 1952 939 sicut
1979 899 2020 939 in

484 952 558 992 hoc
586 951 735 1003 legitur
764 953 943 1005 exemplo
974 955 1108 1006 preter
1137 953 1275 993 literas
1296 953 1389 1006 plus
1410 953 1606 1003 minusve,
1637 956 1678 994 et
1695 955 1772 995 hoc
1792 955 2020 1008 exemplum

483 1020 634 1060 scnpsl.

594 1064 766 1104 Enricus
798 1063 996 1105 Guercius
1036 1064 1131 1105 fecit
1168 1065 1428 1106 securitatem
1458 1077 1529 1118 per
1558 1078 1727 1106 manum
1756 1067 1798 1107 et
1826 1067 2020 1115 osculum,

484 1120 589 1171 quod
620 1121 842 1173 imperator
862 1121 1099 1161 Fredericus
1132 1121 1284 1162 tenebit
1314 1122 1471 1162 firmam
1502 1123 1719 1174 treuguam
1738 1122 2020 1164 Alexandrinis

483 1189 612 1228 usque
655 1177 704 1216 ad
744 1176 925 1216 medium
953 1177 1139 1217 Junium.
1199 1178 1252 1217 Et
1290 1177 1387 1218 illud
1427 1177 1535 1218 idem
1566 1178 1660 1218 fecit
1689 1191 1822 1219 comes
1855 1177 2018 1220 Savoie:

483 1233 523 1272 et
553 1233 611 1272 ita
652 1233 685 1272 si
715 1245 795 1273 non
826 1233 1003 1273 tenuerit
1031 1233 1265 1286 imperator,
1305 1233 1411 1285 quod
1440 1234 1602 1274 venient
1642 1236 1683 1274 et
1710 1234 1878 1275 mittent
1907 1247 1950 1275 se
1979 1234 2021 1275 in

483 1300 684 1328 carcerem
715 1288 764 1328 ad
786 1289 990 1329 Vercellas
1020 1289 1060 1329 in
1091 1291 1292 1342 potestate
1313 1290 1644 1330 Lombardorum.
1689 1290 1785 1331 Otto
1815 1290 2020 1344 palatinus

482 1357 615 1385 comes
647 1348 687 1384 et
717 1345 980 1385 cancellarius
1010 1345 1110 1386 illud
1141 1345 1249 1386 idem
1278 1345 1460 1386 fecerunt
1489 1346 1538 1386 de
1569 1349 1743 1398 treugua
1772 1346 1947 1388 tenenda
1971 1346 2021 1387 ab

482 1400 723 1453 imperatore
754 1401 890 1442 osculo
921 1403 962 1441 et
990 1413 1106 1454 pace,
1148 1403 1311 1454 excepto
1348 1402 1454 1454 quod
1491 1415 1571 1442 non
1609 1402 1758 1443 debent
1787 1414 1830 1443 se
1858 1403 2020 1443 mittere

483 1457 522 1496 in
555 1469 756 1498 carcerem
786 1457 1117 1498 Lombardorum.

670 1569 714 1618 b)
748 1569 1163 1624 Friedensvorschlau
1195 1571 1270 1614 des
1301 1570 1629 1614 lombardischen
1660 1570 1833 1614 Bundes.

957 1636 1062 1680 (Mon.
1090 1636 1202 1671 Germ.
1227 1636 1317 1680 legg.
1343 1636 1390 1678 II,
1419 1640 1479 1671 151
1509 1637 1546 1678 s.)

594 1705 642 1746 In
670 1706 833 1746 nomine
865 1705 1017 1747 domini
1046 1706 1173 1747 nostri
1202 1706 1304 1747 Jesu
1336 1706 1497 1747 Christi.
1543 1706 1723 1747 Societas
1752 1706 2019 1748 Lombardiae

484 1764 525 1802 et
553 1763 759 1803 Marchiae
805 1764 844 1803 et
874 1763 1096 1803 Romaniae
1127 1764 1167 1803 et
1196 1763 1379 1803 Veronae
1425 1764 1466 1802 et
1494 1762 1692 1803 Veneciae
1737 1764 1852 1816 optat
1896 1764 2020 1816 atque

482 1818 684 1859 desiderat
722 1819 870 1859 habere
907 1831 1049 1871 pacem
1087 1820 1128 1859 et
1165 1819 1418 1860 concordiam
1455 1822 1495 1858 et
1533 1819 1708 1870 gratiam
1737 1818 1888 1860 domini
1916 1819 2020 1873 F(ri-

482 1874 621 1927 derici)
651 1875 907 1928 imperatoris
936 1875 1012 1916 hoc
1041 1875 1171 1924 modo,

598 1932 631 1971 1.
662 1931 848 1972 videlicet
886 1933 932 1971 ut
970 1931 1157 1972 dominus
1195 1931 1414 1984 imperator
1443 1931 1591 1971 habeat
1618 1943 1760 1984 pacem
1790 1933 1831 1972 et
1860 1943 2021 1972 concor-

482 1986 590 2027 diam
621 2000 714 2028 cum
744 1988 1001 2028 sacrosancta
1029 1988 1214 2028 Romana
1243 1987 1420 2035 ecclesia,
1457 1987 1640 2027 omnium
1668 1987 1850 2028 fidelium
1878 1989 2020 2035 matre,

483 2045 523 2083 et
553 2043 734 2084 eiusdem
766 2044 956 2084 ecclesiae
987 2056 1060 2084 sno
1090 2043 1287 2096 pontifice,
1318 2043 1464 2084 domno
1495 2043 1731 2084 Alexandro.

595 2100 647 2139 Et
675 2112 749 2140 nos
781 2099 975 2147 civitates,
1007 2100 1160 2140 scilicet
1190 2099 1399 2148 Cremona,
1430 2098 1714 2148 Mediolanum,
1744 2098 1896 2148 Lauda,
1923 2098 2021 2139 Per—

482 2167 665 2207 gamum,
695 2156 896 2204 Ferraria,
927 2155 1074 2205 Brixia,
1106 2156 1286 2204 Mantua,
1317 2155 1488 2204 Verona,
1518 2155 1712 2204 Vicentia,
1742 2154 1893 2203 Padua,
1923 2155 2021 2195 Tar-

482 2212 641 2261 visium,
671 2212 854 2260 Venetia,
892 2212 1084 2261 Bononia,
1123 2212 1327 2259 Ravenna,
1358 2211 1599 2259 Ariminum,
1637 2211 1806 2260 Mutina,
1836 2210 2021 2264 Regium,

481 2268 642 2317 Parma,
672 2268 890 2317 Placentia,
922 2268 1105 2317 Bobium,
1132 2268 1326 2316 Terdona,
1347 2267 1602 2316 Alexandria,
1624 2267 1816 2317 Vercelle,
1835 2266 2021 2316 Novaria,

485 2324 609 2377 Opizo
639 2324 819 2364 marchio
840 2324 1079 2377 Malaspina,
1110 2336 1243 2364 comes
1273 2323 1321 2363 de
1343 2323 1574 2372 Bertenore,
1604 2322 1792 2364 Ruffinus
1823 2323 1872 2364 de
1899 2322 2020 2364 Trino

483 2382 525 2420 et
554 2392 694 2421 omnes
725 2380 933 2421 castellani
965 2381 1006 2420 et
1035 2392 1222 2433 persone,
1268 2380 1337 2432 qui
1367 2381 1464 2420 sunt
1492 2379 1533 2419 in
1564 2379 1721 2419 unitate
1751 2379 1916 2420 ecclesie
1945 2378 2020 2420 Dei

484 2438 525 2477 et
551 2438 702 2486 nostra,

595 2493 633 2532 2.
663 2493 850 2533 volumus
880 2491 1010 2532 facere
1041 2491 1203 2532 domino
1233 2491 1466 2544 imperatori
1494 2490 1739 2544 F(rideric0)‚
1778 2492 1942 2544 accepta
1971 2491 2021 2532 ab

484 2561 530 2590 eo
573 2561 690 2602 pace,
737 2549 891 2597 omnia,
941 2560 1044 2600 quae
1097 2549 1372 2588 antecessores
1415 2547 1543 2587 nostri
1588 2559 1612 2587 a
1655 2549 1837 2600 tempore
1879 2546 2021 2588 mortis

483 2605 715 2658 posterioris
745 2605 909 2645 Henrici
948 2605 1203 2657 imperatoris
1242 2603 1563 2644 antecessoribus
1602 2603 1686 2644 suis
1715 2604 1802 2644 sine
1831 2602 2022 2644 violentia

484 2661 547 2702 vel
577 2663 690 2702 metu
720 2660 912 2701 fecerunt.

597 2719 637 2757 3.
679 2717 722 2758 Si
761 2717 810 2757 de
849 2717 925 2757 hoc
960 2717 1048 2757 orta
1083 2715 1205 2757 fuerit
1244 2716 1423 2768 questio,
1469 2715 1576 2767 quod
1614 2715 1792 2768 predicte
1827 2714 2021 2763 civitates,

483 2774 663 2814 marchio
694 2775 735 2813 et
765 2785 898 2814 comes
937 2773 978 2812 et
1007 2772 1166 2824 singule
1204 2784 1373 2825 persone
1403 2783 1542 2811 omnes
1572 2771 1693 2812 huius
1723 2771 1929 2812 societatis
1958 2771 2022 2811 vel

485 2830 572 2870 loca
600 2830 664 2870 vel
694 2831 968 2870 antecessores
998 2828 1127 2869 nostri
1166 2828 1252 2868 eius
1283 2827 1603 2868 antecessoribus
1633 2839 1658 2867 a
1685 2826 1889 2880 praedicto
1918 2827 2021 2867 tem-

484 2898 579 2938 pore
608 2885 776 2926 fecerint
805 2885 891 2926 sine
912 2884 1102 2925 violentia
1121 2884 1185 2926 vel
1203 2885 1328 2933 metu,
1358 2884 1435 2924 hoc
1454 2883 1680 2924 declaretur
1700 2883 1775 2924 sub
1794 2883 2021 2924 iuramento
