2098 3432
0 983 18 1175 y'w·,·=···y-'-=:
0 538 19 975 q-1Ws2m·v—·wwwwvf·r·
0 514 15 523 χ
0 492 10 501 t
0 467 9 476 ν
0 278 15 416 mnf-‹zmir-
4 256 7 258 ,
0 194 2 196 «

67 2893 75 2900 .
103 2865 259 2912 ipsorum
287 2876 394 2901 causa
417 2867 496 2900 erat
518 2865 556 2900 in
581 2865 702 2900 eodem
727 2865 872 2900 concilio

104 409 213 459 erat,
249 407 382 450 tribus
420 406 576 449 vicibus
606 405 870 459 interrogata,

103 465 140 508 si
179 465 238 508 eis
277 464 477 520 placeret,
521 462 733 518 respondit
774 475 870 504 cum

105 522 254 578 gaudio
283 534 438 575 magna
466 533 585 563 voce:
618 520 798 570 ‚Placet'.

103 580 194 635 (14)
215 579 416 633 Sequenti
437 578 502 620 die
523 578 719 632 proxima,
740 577 783 618 id
805 577 870 619 est

102 638 238 693 prima
258 638 374 679 sexta
394 635 496 678 feria
515 634 869 699 quadragesimae,

103 694 279 738 domnus
308 693 451 736 Victor
485 706 581 735 cum
611 692 869 747 processione

103 752 155 795 ab
206 751 403 794 aecclesia
453 750 585 792 sancti
643 749 869 792 Salvatoris

103 811 220 852 extra
258 808 488 858 civitatem,
526 808 570 849 in
612 820 695 861 qua
732 806 870 848 fuerat

101 866 332 922 hospicium
378 865 486 916 eius,
530 865 582 907 ad
624 864 870 906 catholicam

102 923 341 966 aecclesiam
362 923 538 977 gloriose
559 922 762 964 deductus
794 923 869 963 est.

99 981 164 1024 Ibi
177 980 512 1035 religiosissimus
527 979 753 1034 imperator
774 981 869 1020 ante

100 1039 246 1081 ianuas
293 1038 512 1080 aecclesiae
553 1050 648 1079 eum
688 1036 871 1090 suscepit

102 1098 144 1138 et
173 1095 438 1138 descendenti
468 1095 518 1137 de
550 1107 655 1148 equo
687 1095 870 1148 strepam

100 1153 315 1196 humiliter
333 1153 472 1203 tenuit
493 1153 535 1194 et
564 1152 870 1206 apprehensum

99 1223 174 1266 per
191 1223 366 1253 manum
388 1222 522 1263 usque
550 1209 602 1251 ad
623 1209 752 1251 altare
775 1221 871 1250 con-

101 1268 218 1311 duxit
237 1269 279 1311 et
297 1267 423 1323 pedes
447 1267 534 1309 eius
556 1268 620 1309 est
647 1266 869 1308 osculatus.

100 1320 156 1378 Et
174 1338 250 1379 nos
278 1338 433 1376 omnes,
455 1324 707 1380 patriarcha,
738 1323 870 1365 archi-

101 1383 302 1439 episcopi,
340 1382 525 1448 episcopi
556 1384 598 1424 et
627 1382 796 1425 abbates
828 1382 870 1423 et

101 1453 245 1484 omnes
286 1440 492 1495 principes
537 1452 634 1482 cum
676 1439 870 1480 universa

99 1498 378 1549 multitudine,
424 1509 532 1551 quae
570 1509 739 1552 presens
771 1497 869 1546 erat,

99 1555 225 1612 pedes
246 1555 493 1611 apostolicos
514 1567 661 1596 sumus
684 1553 869 1596 osculati

99 1613 293 1657 Proxima
323 1615 466 1655 autem
496 1612 561 1654 die
592 1611 796 1665 sequenti,
827 1610 870 1652 id

101 1673 166 1714 est
195 1671 378 1721 sabbato,
409 1669 549 1712 habito
571 1669 753 1723 generali
775 1681 870 1711 con-

101 1727 212 1779 cilio,
252 1728 429 1771 domnus
458 1740 566 1782 papa
596 1728 638 1768 et
666 1739 742 1769 nos
773 1739 869 1768 cum

100 1786 171 1828 illo
189 1785 428 1828 Rolandum
449 1784 740 1827 cancellarium
771 1784 870 1826 scis-

100 1843 302 1887 maticum
322 1844 364 1886 et
393 1843 482 1885 eius
501 1842 749 1897 principales
780 1842 870 1883 fau-

100 1903 211 1944 tores
229 1900 410 1946 accensis
427 1899 609 1942 candelis
626 1899 870 1941 anathemae

101 1958 319 2002 tizavimus
376 1959 419 2000 et
476 1957 724 2000 tradidimus
774 1970 871 1999 eum

102 2120 168 2212 (121l
172 2109 348 2192 811198ιὲ8111,
362 2108 871 2191 081188ᾚο1110111ὖο001031180

103 2167 126 2192 8
165 2167 209 2193 ue
303 2168 398 2192 viam
422 2167 480 2191 re(-
585 2167 664 2191 cum
715 2167 747 2191 01
773 2167 793 2191 8
833 2167 871 2190 11-

102 2205 192 2240 torio
201 2206 413 2240 revocarent.
443 2204 539 2239 Dum
552 2215 631 2239 vero
645 2204 872 2238 securitatem

101 2251 230 2287 habere
262 2263 332 2287 non
356 2253 509 2306 possent,
547 2251 763 2286 excutientes
795 2250 871 2296 pul-

101 2309 216 2334 vetem
229 2299 273 2334 (18
329 2299 434 2334 dibus
447 2298 532 2341 suis,
558 2310 626 2333 non
644 2298 785 2333 invento
798 2297 872 2333 filio

330 2348 450 2392 partes
494 2346 583 2381 alias
619 2346 871 2391 migraverunt.

158 2393 259 2438 111011,
285 2393 338 2428 De
362 2393 488 2428 invest.
514 2393 676 2428 Antichr.
701 2393 731 2436 I,
749 2404 778 2428 c.
805 2395 875 2428 6οε-

101 2439 262 2476 Aderant
278 2442 397 2476 tamen
414 2441 502 2475 satis
520 2440 636 2483 vicini,
666 2440 703 2475 in
728 2440 873 2475 civitate

105 2487 239 2523 scilicet
273 2487 401 2530 Janua,
439 2487 508 2523 duo
546 2487 656 2532 legati
692 2487 872 2522 Romanae

103 2535 268 2571 800188188
293 2535 338 2570 ab
354 2516 554 2570 Al’exandro
578 2537 615 2569 et
631 2534 872 2570 cardinalibus

103 2581 141 2618 in
164 2581 231 2618 hoc
254 2593 342 2628 opus
365 2582 477 2626 missi,
503 2582 565 2616 sed
589 2581 655 2625 illi,
680 2584 732 2617 ut
756 2581 873 2616 dice—

103 2629 237 2665 batur
251 2658 260 2674 ,
308 2629 543 2676 praesentiam
586 2639 686 2664 suam
727 2629 872 2664 concilio

104 2676 266 2723 exhibere
289 2677 486 2720 noluerunt,
520 2676 590 2711 nisi
614 2676 665 2711 018
690 2676 727 2711 111
752 2676 873 2711 eodem

105 2723 248 2759 concilio
271 2724 398 2759 locus
424 2723 731 2770 praesidendi
756 2735 874 2758 conce-

106 2770 257 2815 deretur,
291 2771 385 2817 quod
418 2771 563 2806 verbum
598 2782 619 2805 a
651 2771 796 2806 0011011ἱο
821 2782 872 2806 re·

105 2819 244 2864 ceptum
266 2829 336 2854 non
360 2820 426 2862 est,
450 2818 600 2853 maxime
627 2818 711 2864 quia
731 2818 873 2864 propria

105 2912 318 2948 ventilanda.
890 2895 893 2939 ξ

1602 284 1684 326 175

915 575 989 621 (14)
1008 573 1175 620 Sequenti
1189 573 1245 607 die
1261 572 1429 617 proxima,
1444 571 1482 605 id
1499 572 1555 606 est
1570 570 1685 615 prima

914 624 1014 657 sexta
1049 621 1137 656 feria
1178 619 1488 673 quadragesimae,
1537 617 1685 652 domnus

913 669 1036 704 Victor
1080 679 1158 703 cum
1202 667 1418 711 processione
1457 666 1500 700 81)
1538 664 1686 699 00010818

914 716 1029 751 saneti
1062 714 1255 750 Salvatoris
1290 716 1389 749 extra
1423 713 1615 755 civitatem,
1649 711 1684 745 in

915 775 984 809 qua
1008 763 1124 798 fuerat
1140 762 1354 806 hospitatus,
1382 760 1428 795 ad
1445 759 1685 794 cathedralem

914 811 1095 846 ecclesiam
1130 809 1280 854 gloriose
1312 808 1484 843 deductus
1515 808 1580 842 est.
1630 806 1686 840 Ibi

914 857 1199 902 religiosissimus
1232 856 1423 900 imperator
1455 855 1536 888 ante
1561 853 1686 888 ianuas

914 905 1079 940 ecclesiae
1105 915 1184 938 eum
1209 903 1364 949 suscepit
1398 904 1435 936 et
1460 900 1685 936 descendenti

915 953 957 986 de
991 963 1078 998 equo
1114 953 1269 995 strepam
1303 949 1487 984 humiliter
1510 947 1627 982 tenuit
1651 950 1687 982 et

914 999 1290 1081 Zfssiihssssfflxii'esst
1312 1006 1608 1088 ssssisssmeissssqsss‘}
1632 994 1687 1076 32¹¹

914 1094 1064 1129 culatus
1114 1092 1163 1127 Et
1202 1103 1265 1127 nos
1294 1102 1424 1134 omnes,
1467 1089 1683 1134 patriarcha,

915 1139 1177 1194 archiepiscopi,
1210 1138 1363 1185 episcopi
1397 1139 1433 1172 et
1465 1137 1612 1171 abbates
1651 1138 1687 1170 et

914 1199 1031 1223 omnes
1056 1186 1231 1232 principes
1265 1197 1344 1221 cum
1378 1185 1543 1220 universa
1566 1183 1686 1218 multi-

914 1235 1049 1278 tudine,
1075 1246 1163 1280 quae
1187 1244 1352 1278 praesens
1369 1234 1456 1275 erat,
1483 1231 1589 1275 pedes
1607 1241 1687 1274 apo-

915 1282 1055 1317 stolicos
1069 1281 1218 1317 osculati
1234 1292 1364 1316 sumus,
1389 1279 1554 1314 Proxima
1568 1280 1686 1312 autem

915 1330 971 1365 die
1006 1329 1177 1375 sequenti,
1212 1328 1250 1363 id
1283 1330 1339 1362 est
1370 1327 1530 1369 sabbato,
1561 1325 1686 1360 habito

913 1376 1069 1422 generali
1083 1376 1238 1419 concilio,
1267 1375 1415 1410 domnus
1432 1354 1552 1420 papa’a)
1575 1374 1611 1408 et
1623 1383 1686 1407 nos

914 1436 992 1459 cum
1016 1424 1078 1459 illo
1095 1423 1310 1458 Rollandum
1327 1422 1410 1457 olim
1427 1420 1685 1462 cancellarium,

913 1483 1006 1507 nunc
1030 1471 1305 1513 schismaticum,
1331 1471 1368 1504 et
1384 1468 1594 1513 principales
1611 1467 1686 1502 eius

914 1520 1067 1554 fautores
1094 1518 1248 1553 accensis
1281 1517 1436 1552 candelis
1453 1514 1687 1550 anathemati-

915 1567 1068 1602 zavimus
1102 1568 1139 1601 et
1175 1565 1388 1600 tradidimus
1426 1575 1502 1599 eum
1540 1564 1686 1597 satanae

914 1615 951 1649 in
975 1613 1160 1649 interitum
1185 1612 1312 1656 carnis,
1338 1613 1379 1646 ut
1403 1611 1550 1656 spiritus
1567 1609 1685 1644 salvus

915 1661 964 1696 sit
987 1662 1023 1696 in
1051 1661 1106 1695 die
1131 1660 1283 1696 Domini.

963 2104 998 2146 8)
1024 2103 1064 2138 Β.
1090 2102 1171 2147 ffigt
1194 2101 1317 2137 Victor
1341 2101 1460 2136 hinzu.
