2098 3432
417 227 470 268 88

411 338 456 385 a)
481 340 562 401 Das
589 342 712 386 echte
743 344 997 400 privilegium
1020 349 1160 395 Minus.
1199 353 1243 401 b)
1255 354 1336 398 Das
1348 358 1521 403 unechte
1532 360 1786 418 privilegium
1800 366 1944 413 Maius.

411 422 665 467 (Wattenbach,
691 426 755 461 Die
779 431 844 464 ost.
867 429 1160 478 Freiheitsbriefe;

410 468 513 504 Arch.
523 470 546 504 f.
557 473 620 505 ost.
633 470 974 564 Gesschilcllbtsfqpellen
986 479 1051 515 Bd.
1063 481 1159 524 VIII,

490 620 539 660 In
555 621 716 663 nomine
733 630 872 668 sancte
894 630 933 669 et
951 629 1156 673 individue

1243 437 1487 481 (wattenbach
1513 454 1543 478 a.
1569 455 1607 480 a..
1625 445 1664 480 Ο.
1690 447 1724 485 S.
1752 451 1816 484 112
1840 451 1890 496 ff.)

1263 633 1470 682 (Chrismon)
1501 639 1519 672 I
1543 641 1640 685 (sici)
1665 645 1799 680 nomine
1824 650 1942 684 sancte

408 675 614 718 trinitatis.
671 679 899 724 Fridericus
935 685 1070 727 divina
1099 688 1157 729 fae
1193 679 1229 730 et
1260 678 1438 734 indiuisus
1465 685 1636 721 trinitatis
1669 699 1776 744 amen:
1824 692 1940 730 Eride-

407 734 524 772 vente
552 733 765 776 clementia
785 737 1061 783 Romanorum
1079 743 1156 784 im·
1192 734 1283 758 ΓΚΜ
1309 726 1427 762 dmma
1451 730 1588 766 fauente
1613 734 1795 772 alemanna
1817 738 1940 775 Romo,-

406 790 567 839 perator
586 793 797 842 augustus.
820 794 1077 849 Quamquam
1093 813 1156 841 re-

406 855 496 883 rum
515 848 776 888 commutatio
794 861 840 890 ex
855 851 944 904 ipsa
960 857 1153 908 corporali

1192 781 1312 806 norum
1336 773 1527 819 Imperator
1551 782 1727 823 augustus.
1756 782 1772 826 Η
1814 783 1939 827 Quam-

1192 827 1295 860 quam
1311 829 1423 854 rerum
1441 826 1663 860 commutacio
1679 838 1718 862 ex
1734 828 1811 874 ipsa
1823 842 1937 877 corpo-

1191 862 1255 896 rali
1278 863 1496 902 institutione
1512 871 1623 914 possit
1637 871 1736 907 firma
1755 877 1938 914 consistere

404 898 658 942 institutione
667 905 1153 963 possitfirmaconsistere‚
1190 919 1252 942 nec
1285 921 1326 944 ea
1362 923 1426 956 que
1462 914 1632 958 legittimo
1662 923 1830 963 geruntur
1864 923 1938 959 ulla

403 955 467 995 vel
507 969 553 996 ea

402 1011 516 1052 nulla
553 1014 713 1055 valeant
758 1017 1025 1072 refragatione
1059 1037 1152 1065 con-

401 1067 505 1116 velli,
526 1081 576 1109 ne
593 1082 673 1122 qua
688 1072 825 1114 tamen
839 1077 967 1128 possit
986 1090 1074 1120 esse
1094 1081 1151 1122 rei

400 1126 512 1173 geste
530 1124 725 1176 dubietas,
739 1133 878 1171 nostra
893 1131 1012 1174 debet
1025 1134 1150 1177 inter-

398 1179 535 1219 venire
566 1181 784 1234 imperialis
815 1190 1044 1231 auctoritas.

483 1235 785 1290 Noveritigitur
801 1243 981 1284 omnium
995 1245 1147 1289 Christi

396 1289 634 1344 imperiique
649 1297 777 1337 nostri
788 1298 969 1341 fidelium
981 1315 1146 1354 presens

397 1348 482 1387 etas
500 1349 540 1388 et
556 1361 793 1393 successura
802 1358 1030 1408 posteritas,
1047 1371 1146 1411 quae

394 1401 488 1443 liter
515 1416 588 1445 nos
619 1407 705 1447 eius
735 1414 972 1464 cooperante
1003 1417 1144 1466 gratia,

397 1469 420 1497 a
441 1471 519 1510 quo
550 1461 694 1503 celitus
724 1465 765 1504 in
795 1468 947 1509 terram
974 1483 1052 1522 pax
1083 1476 1145 1513 est

394 1514 519 1555 missa
535 1516 777 1569 hominibus,
793 1521 834 1562 in
844 1525 955 1565 curia
965 1529 1143 1578 generali

393 1569 614 1624 Ratispone
662 1575 703 1615 in
748 1578 959 1621 nativitate
1004 1586 1142 1625 sancte

396 1626 523 1668 Marie
545 1628 711 1681 virginis
743 1634 954 1686 celebrata,
984 1638 1027 1678 in
1051 1653 1142 1692 pre-

392 1683 526 1724 sentia
545 1686 770 1729 multorum
788 1691 1069 1744 religiosorum
1101 1700 1141 1737 et

393 1738 685 1783 katholicorum
705 1745 931 1800 principum
956 1749 1068 1792 litem
1099 1754 1140 1793 et

390 1798 711 1849 controversiam,
740 1814 817 1853 que
838 1803 944 1845 inter
965 1806 1139 1849 dilectis-

390 1850 540 1892 simum
577 1856 770 1906 patruum
799 1861 984 1902 nostrum
1013 1863 1138 1904 Hein-

388 1906 518 1948 ricum
557 1909 702 1952 ducem
730 1915 894 1956 Austrie
933 1920 974 1958 et
1013 1919 1138 1961 karis-

389 1963 538 2004 simum
562 1970 750 2019 nepotem
771 1974 956 2014 nostrum
975 1975 1137 2017 Heinri-

388 2031 479 2059 cum
511 2021 653 2063 ducem
686 2024 855 2069 Saxonie
885 2029 954 2070 diu
982 2033 1137 2084 agitata

386 2074 464 2116 fuit
485 2077 532 2117 de
554 2078 703 2120 ducatu
724 2082 903 2126 Bawarie
925 2087 986 2138 [et
1015 2101 1136 2142 super

385 2133 608 2174 marchiam
629 2148 653 2176 a
682 2139 885 2191 superiore
914 2146 1029 2195 parte
1058 2144 1135 2185 flu-

384 2188 506 2230 minis
531 2191 723 2245 Anasi],a>
754 2195 829 2236 hoc
848 2198 966 2239 modo
996 2201 1133 2242 termi-

383 2244 579 2295 navimus,
601 2249 708 2299 quod
728 2250 808 2292 dux
823 2254 986 2296 Austrie
1005 2258 1132 2310 resig-

383 2301 495 2342 navit
524 2303 638 2345 nobis
670 2306 862 2349 ducatum
892 2310 1083 2362 Bawarie,

596 2429 716 2469 quem
757 2420 895 2462 statim
933 2423 973 2463 in
1010 2425 1130 2467 bene-

376 2468 513 2510 ficium
541 2475 811 2517 concessimus
833 2477 923 2519 duci
947 2479 1126 2523 Saxonie.

378 2525 622 2581 [predictus]
654 2530 746 2572 Dux
777 2534 914 2575 autem
943 2536 1126 2580 Bawarie

376 2582 597 2634 resignavit
634 2587 750 2629 nobis
793 2590 853 2642 [et
891 2593 999 2633 omni
1037 2594 1125 2636 iure

445 2720 477 2764 a)
512 2721 764 2767 Einschaltung
796 2723 855 2758 des
879 2725 1027 2761 Thomas
1059 2740 1123 2763 von

375 2765 582 2803 Hasclbach.

597 970 674 1009 que
718 960 902 1012 legaliter
944 969 1151 1019 geruntur,
1188 955 1937 1051 {331³{gitssefffiassffiss'ssitesssssffieffissssffl

1187 1047 1326 1090 perialis
1339 1049 1441 1085 debet
1452 1051 1658 1090 interuenire
1667 1059 1854 1095 auctoritas
1864 1082 1901 1087 -
1916 1063 1932 1108 Ιι

1182 1250 1329 1287 Nouerit
1360 1256 1469 1299 igitur
1508 1260 1659 1296 omnium
1698 1262 1829 1300 Christi
1867 1266 1930 1301 im-

1182 1298 1335 1343 periique
1356 1304 1392 1336 et
1407 1305 1516 1338 nostri
1532 1305 1686 1343 fidelium
1701 1320 1840 1355 presens
1856 1314 1932 1347 etas

1182 1345 1218 1377 et
1240 1344 1357 1380 futura
1380 1351 1575 1392 posteritas.
1601 1355 1750 1396 qualiter
1773 1367 1834 1392 nos
1858 1358 1932 1394 eius

1184 1395 1385 1435 cooperante
1420 1397 1535 1439 gratia
1567 1409 1587 1432 a
1618 1411 1684 1444 quo
1714 1402 1836 1438 celitus
1889 1416 1932 1440 ax

1181 1436 1288 1471 missa
1311 1442 1365 1473 est
1380 1440 1574 1478 hominibus
1599 1456 1701 1491 super
1722 1415 1888 1494 terramf)
1894 1451 1931 1486 in

1179 1485 1331 1525 generali
1348 1489 1466 1522 nostra
1482 1490 1576 1524 curia
1588 1490 1776 1538 Ratispone
1789 1495 1825 1530 in
1841 1497 1931 1532 nati-

1179 1527 1289 1566 uitate
1321 1535 1438 1567 sancte
1471 1536 1576 1571 marie
1602 1538 1774 1574 celebrata
1795 1541 1831 1576 in
1855 1553 1930 1588 pre-

1178 1575 1292 1609 sencia
1332 1579 1346 1619 Η
1390 1580 1575 1616 multorum
1620 1585 1852 1629 religiosorum
1893 1591 1930 1624 et

1178 1620 1423 1658 catholicorum
1451 1626 1549 1661 litem
1581 1630 1617 1663 et
1641 1633 1928 1681 controuersiam]

1178 1677 1242 1710 que
1258 1667 1349 1702 inter
1365 1671 1581 1708 karissimum
1595 1678 1752 1712 nostrum
1763 1681 1926 1724 patruum

1176 1712 1376 1750 Heinricum
1425 1718 1543 1753 ducem
1583 1721 1724 1758 Austrie
1763 1727 1799 1760 et
1837 1726 1930 1762 inter

1175 1761 1332 1803 nepotem
1372 1766 1530 1799 nostrum
1570 1767 1787 1806 karissimum
1821 1771 1930 1808 Hein-

1175 1804 1283 1839 ricum
1313 1807 1432 1844 ducem
1457 1810 1600 1847 Saxonis
1625 1814 1683 1849 diu
1708 1817 1844 1861 agitata
1868 1830 1924 1854 ex-

1175 1850 1251 1885 titit
1275 1863 1376 1898 super
1400 1856 1563 1892 ducatum
1586 1859 1734 1897 Bauarie
1758 1865 1795 1898 et
1817 1875 1919 1910 super

1173 1899 1372 1934 marchia
1405 1913 1426 1935 a
1465 1906 1698 1949 superiori
1730 1912 1862 1954 parte
1903 1911 1920 1956 ΙΙ

1173 1943 1384 1980 fluminis
1433 1949 1621 1997 anasil*)
1663 1955 1924 1992 terminauimus

1173 1988 1236 2023 hoc
1252 1992 1350 2026 modo
1360 1991 1374 2039 l
1391 1995 1481 2038 quod
1498 1997 1564 2031 dux
1581 1997 1721 2035 Austrie
1734 2002 1926 2046 resignauit

1171 2036 1270 2071 nobis
1311 2038 1474 2075 ducatum
1509 2043 1681 2080 Bauuarie
1721 2049 1757 2082 et
1792 2049 1919 2085 dictam

1171 2081 1382 2131 Marchiaml
1420 2098 1503 2132 quos
1540 2092 1681 2126 tenebat
1715 2104 1784 2138 qua
1818 2096 1924 2140 resig-

1170 2129 1310 2206 nBacione
1334 2131 1449 2179 factal
1482 2146 1559 2170 mox
1583 2138 1727 2173 eundem
1760 2140 1922 2177 ducatum

1203 2185 1344 2211 auuane

1395 2424 1429 2457 in
1470 2425 1669 2462 beneficium
1711 2431 1918 2468 contulimus

1166 2465 1244 2499 duci
1277 2467 1447 2513 Saxonis]
1481 2471 1654 2516 predictus
1688 2485 1767 2510 uero
1797 2477 1864 2512 dux
1899 2478 1915 2522 ΙΙ

1165 2510 1308 2547 Saxonie
1342 2516 1446 2550 cessit
1477 2519 1513 2551 et
1542 2521 1792 2569 remunciauitl
1825 2525 1916 2560 omni

1163 2557 1235 2592 Iuri
1248 2561 1284 2593 et
1295 2561 1442 2608 accionis
1453 2574 1538 2607 quas
1545 2564 1696 2601 habebat
1708 2565 1723 2614 Ι
1732 2567 1776 2603 ad
1786 2568 1915 2606 dictam

1161 2605 1351 2640 marchiam
1385 2619 1462 2643 cum
1497 2611 1654 2646 omnibus
1685 2613 1757 2648 suis
1779 2614 1912 2652 iuribus

1232 2732 1264 2774 *)
1297 2733 1375 2778 Vgl.
1409 2735 1520 2770 damit
1551 2737 1606 2771 die
1639 2738 1761 2783 obigen
1793 2739 1912 2776 Worte

1163 2776 1221 2811 des
1253 2778 1304 2812 als
1341 2780 1452 2825 Zeuge
1487 2783 1819 2833 anwesendenVOtto
1849 2798 1912 2822 von

1159 2822 1326 2868 Freising.
