2098 3432
0 826 6 833 ·
0 539 26 802 :ww-‚wm-
0 469 22 529 m:
0 444 9 460 2
2 407 10 422 2·

1567 267 1650 309 207

77 385 232 435 nerent,
251 383 330 426 hoe
342 383 482 437 ipsum
496 382 632 424 iurare
649 382 958 436 compellerent;
981 383 1023 422 et
1044 393 1124 431 606,
1145 381 1215 435 qui
1236 382 1394 423 nollent
1409 382 1487 424 hoc
1503 381 1651 432 facere,

77 441 200 484 rebus
231 453 375 483 eorum
403 439 570 494 penitus
601 439 853 490 confiscatis,
885 437 1091 492 depositos
1123 440 1164 479 et
1193 438 1359 481 honoris
1391 439 1455 481 sui
1487 439 1650 493 cingulo

77 498 270 555 spoliatos
293 498 371 548 vel,
402 498 437 539 si
466 497 615 552 privati
636 497 825 538 homines
855 495 1022 546 fuerint,
1051 495 1095 537 in
1125 496 1322 538 membris
1352 497 1529 551 propriis
1560 510 1652 538 cru-

77 555 222 599 deliter
252 555 513 609 mutilatos*)
545 567 569 596 a
599 556 686 596 toto
715 554 889 609 imperio
920 553 1215 608 compellerent
1248 554 1427 596 exulare.
1486 554 1651 596 Placuit

76 612 321 668 Imperatori
349 612 483 657 forma
512 611 682 654 consilii.

191 669 274 713 Sed
314 669 616 724 archiepiscopo
656 667 1004 723 Magdeburgensi
1044 670 1086 709 et
1135 667 1244 718 aliis,
1292 668 1363 722 qui
1410 672 1650 723 praesentes

75 729 204 779 erant,
233 726 432 782 episcopis
463 727 567 768 dura
587 726 678 768 visa
698 728 763 768 est
793 725 1018 767 admodum
1039 726 1082 766 et
1101 725 1287 775 molesta,
1317 725 1378 766 ita
1399 726 1508 780 quod
1538 726 1647 768 idem

75 785 444 840 Magdeburgensis
464 785 628 826 nullum
649 797 695 826 ex
714 784 792 826 hoc
811 783 1092 824 iuramentum
1104 795 1147 824 se
1158 784 1370 836 praestare
1381 783 1649 838 responderit,

74 842 154 885 nisi
191 842 306 898 prius
346 842 600 885 Coloniensis
639 841 802 883 ordines
843 842 885 882 et
921 839 1272 882 consecrationem
1313 841 1531 895 reciperet,
1576 854 1650 895 per

0 905 14 938 i
74 912 200 955 quam
237 912 403 942 omnem
441 899 742 942 dubitationem
773 899 824 940 ab
855 898 942 940 eius
974 899 1016 939 et
1047 897 1223 939 aliorum
1252 898 1487 952 pectoribus
1516 911 1650 940 remo-

0 953 11 1010 ζ’,
76 958 200 1002 vetet.
258 957 380 1000 Unde
412 970 543 1011 quum
574 957 643 999 ille
689 956 731 998 id
770 955 1011 1011 promittere
1051 955 1321 1005 detrectaret,
1368 956 1515 998 acriter
1553 969 1648 998 eum

74 1027 295 1070 aggressus
316 1017 380 1057 est
399 1014 639 1056 huiusmodi
658 1014 883 1068 imperator
904 1025 1104 1066 suamque
1121 1013 1158 1054 ei
1175 1013 1481 1067 malignitatem
1496 1013 1648 1068 impro-

0 1101 3 1104 -
73 1084 223 1128 perans
243 1073 374 1124 iratus
394 1072 437 1114 in
458 1085 555 1114 eum
576 1072 700 1114 verba
721 1074 786 1113 est
805 1072 1073 1126 prosecutus:
1096 1070 1212 1120 ‚Ecce
1229 1070 1449 1112 manifeste
1467 1073 1648 1126 apparet,

0 1138 9 1171 ,¹³
73 1129 183 1184 quod
212 1129 321 1172 sicut
354 1129 528 1172 traditor
557 1131 599 1172 et
628 1129 820 1184 deceptor
850 1129 893 1170 in
930 1127 1160 1182 periculum
1190 1140 1332 1170 meum
1362 1141 1516 1183 papam
1546 1129 1648 1170 mihi

0 1208 2 1215 ·
73 1186 316 1243 praefeceris
346 1187 575 1241 ignoranti,
616 1199 748 1241 quum
779 1186 905 1229 etiam
950 1188 1045 1227 ante
1089 1185 1366 1239 receptionem
1409 1186 1648 1228 litterarum

0 1293 2 1295 ,
73 1257 272 1296 mearum,
301 1257 354 1287 ne
385 1245 435 1287 de
456 1244 735 1287 substituendi
755 1243 960 1299 pontificis
983 1242 1180 1285 electione
1202 1244 1414 1294 tractares,
1435 1245 1483 1285 tu
1505 1244 1647 1286 statim

73 1313 169 1344 cum
197 1302 254 1344 Te
284 1302 422 1344 Deum
450 1302 672 1344 laudamus
703 1304 745 1343 et
764 1302 881 1343 iuxta
901 1301 1207 1355 beneplacitum
1227 1301 1351 1342 tuum
1371 1314 1526 1343 novum
1546 1301 1648 1343 mihi

72 1359 307 1415 pontificem
346 1360 526 1414 elegisti,
566 1360 659 1414 plus
700 1359 803 1401 mihi
841 1359 1025 1414 proditor
1053 1357 1188 1399 factus
1219 1370 1346 1412 quam
1375 1359 1647 1412 Moguntinus

47 1417 239 1468 electus,
275 1430 400 1472 quem
429 1417 554 1460 huius
584 1417 766 1459 criminis
797 1429 917 1459 reum
947 1415 1172 1458 deferebas.
1231 1415 1486 1458 Praesertim
1516 1429 1645 1471 quum

71 1473 140 1517 ille
169 1474 329 1517 dederit
357 1475 460 1516 mihi
490 1475 654 1517 salubre
685 1475 913 1525 consilium,
944 1475 1003 1524 ut,
1034 1486 1082 1515 ex
1112 1486 1191 1527 quo
1213 1473 1327 1515 Deus
1359 1487 1383 1515 a
1411 1474 1558 1528 prioris
1579 1488 1646 1516 me

70 1532 251 1587 periculo
288 1532 498 1583 liberavit,
542 1533 783 1574 nullatenus
819 1545 886 1574 me
925 1531 1146 1574 obnoxium
1191 1530 1369 1573 facerem
1410 1533 1646 1574 successori.

3 1590 10 1596 '
71 1589 196 1632 Nunc
223 1602 318 1633 vero
347 1590 577 1632 necessario
598 1592 640 1632 te
661 1590 822 1633 noveris
843 1588 1186 1645 compellendum,
1216 1592 1264 1630 ut
1284 1589 1491 1642 laqueum,
1521 1603 1646 1644 quem

69 1647 244 1702 parasti,
281 1647 440 1703 primus
478 1648 677 1690 incurras.
749 1648 804 1689 Et
843 1647 932 1690 aliis
979 1646 1106 1689 etiam
1150 1646 1193 1687 id
1238 1646 1371 1688 facere
1415 1648 1645 1689 recusanti—

72 1705 160 1755 bus,
189 1705 301 1748 solus
330 1705 500 1748 habebis
532 1705 670 1749 subire
714 1705 963 1760 periculum,
1008 1704 1116 1758 quod
1152 1705 1226 1745 tua
1265 1704 1426 1746 malitIa
1460 1705 1645 1747 noscitur

72 1762 243 1805 caeteris
272 1765 590 1818 praeparatum.‘
651 1762 719 1806 Sic
749 1775 844 1817 ergo
882 1763 952 1805 ille
982 1762 1248 1804 vehementer
1286 1761 1520 1813 adstrictus,
1561 1776 1644 1804 non

70 1820 205 1874 potuit
234 1820 426 1872 evadere,
456 1821 556 1875 quin
586 1834 683 1863 cum
712 1821 891 1863 maximo
921 1821 1024 1863 fletu
1053 1819 1213 1874 primus
1243 1819 1360 1861 iuxta
1388 1820 1642 1874 praedictam

70 1876 245 1920 formam
265 1877 420 1920 faceret
438 1878 722 1920 iuramentum
743 1882 795 1929 et,
816 1878 1020 1933 susceptis
1040 1877 1263 1928 ordinibuS‚
1293 1878 1642 1920 consecrationem

4 1971 8 1975 .
70 1947 229 1990 quoque
260 1947 303 1978 se
333 1936 593 1991 promitteret
621 1936 980 1991 recepturum.**)

192 2039 224 2084 *)
261 2039 328 2075 Die
362 2039 478 2075 Strafe
517 2040 578 2075 der
602 2040 911 2084 Verstiimmelung
946 2039 1036 2075 fehlt
1074 2040 1110 2075 in
1149 2040 1240 2076 allen
1280 2038 1511 2075 kaiserlichen
1537 2039 1644 2075 Send-

70 2085 261 2122 schreiben.
308 2086 362 2123 Ob
388 2087 539 2123 dieselbe
563 2087 723 2122 wirklich
747 2099 813 2123 von
837 2087 991 2122 Rainald
1025 2087 1225 2133 beantragt‚
1263 2100 1329 2123 von
1355 2088 1416 2122 der
1440 2087 1644 2122 Reichsver-

70 2133 268 2179 sammlung
289 2133 416 2179 jedoch
440 2134 541 2170 nicht
565 2146 644 2170 zum
669 2135 878 2170 Beschlusse
903 2135 1054 2170 erhoben
1079 2135 1219 2170 worden
1243 2135 1292 2170 ist
1330 2135 1413 2170 oder
1437 2135 1479 2170 ob
1506 2135 1556 2169 sie
1581 2136 1646 2169 auf

70 2180 146 2216 eine
167 2180 364 2227 Erfindung
397 2182 458 2217 des
483 2182 774 2217 Briefschreibers
806 2182 1032 2227 zuriickgeht,
1071 2183 1227 2218 entzieht
1260 2183 1336 2217 sich
1362 2183 1424 2217 der
1448 2182 1640 2217 Kontrolle.

170 2228 224 2275 **)
249 2229 316 2264 Die
335 2229 540 2274 Forderung
555 2229 616 2265 des
637 2229 859 2265 Erzbischofs
880 2230 1091 2265 Wichmann
1106 2231 1306 2275 gegeniiber
1320 2230 1474 2264 Rainald
1491 2229 1540 2264 ist
1552 2241 1642 2274 ganz

69 2273 324 2321 glaubwiirdig.
352 2276 430 2312 Den
447 2276 623 2323 Empfang
636 2277 697 2312 der
709 2277 856 2312 Weihen
870 2277 981 2312 durch
994 2277 1148 2312 Rainald
1161 2278 1336 2322 bestatigt
1356 2278 1420 2311 das
1435 2277 1642 2312 kaiserliohe

69 2321 365 2360 Rundschreiben.
403 2324 472 2359 Zur
491 2324 687 2359 Nachricht
708 2335 774 2359 von
795 2325 856 2360 der
879 2324 1125 2369 anfangliehen
1146 2325 1360 2370 Weigerung
1381 2324 1564 2365 RainaMs,
1586 2325 1642 2359 die

70 2367 215 2405 Weihen
238 2382 280 2406 zu
305 2371 530 2417 empsangen,
563 2371 613 2406 ist
638 2383 679 2406 zu
703 2372 922 2416 vergleichen
947 2372 1023 2407 eine
1048 2372 1158 2407 Stelle
1183 2383 1246 2407 aus
1273 2372 1351 2407 dem
1376 2372 1502 2416 obigen
1527 2372 1642 2406 Briefe

68 2415 227 2452 Johanns
242 2429 273 2454 ν.
288 2417 470 2463 Salisbury
486 2420 552 2464 (nr.
567 2419 640 2463 XL,
657 2419 679 2454 b
694 2419 825 2455 meiner
839 2419 1058 2464 Sammlung)
1072 2434 1079 2454 ε
1105 2420 1180 2455 Nec
1195 2419 1306 2463 video,
1333 2430 1440 2465 quare
1458 2419 1638 2464 (Reginal-

71 2462 160 2508 dus),
184 2476 291 2511 quum
306 2465 545 2512 episcopatum
563 2466 713 2510 ambiat,
740 2478 761 2501 a
777 2467 917 2502 Victore
943 2478 1004 2502 suo
1031 2467 1210 2502 distulerit
1235 2466 1439 2510 consecrari,
1464 2466 1533 2500 nisi
1559 2467 1638 2511 quia

69 2509 377 2548 imminentem
402 2513 585 2548 ruinam
609 2514 730 2555 timet;
756 2525 794 2549 so
824 2515 966 2549 urteilte
994 2514 1130 2549 manin
1153 2513 1478 2549 alexandrinischen
1494 2513 1639 2548 Kreisen

68 2557 197 2594 bereits
219 2559 268 2595 im
291 2559 400 2595 Jahre
428 2563 528 2604 1160,
554 2561 645 2596 nach
670 2561 731 2596 der
753 2562 903 2597 Paveser
918 2562 1197 2606 Versammlung.
1235 2561 1321 2595 Was
1348 2561 1404 2595 die
1418 2559 1642 2605 Auslassung

70 2604 131 2640 dee
162 2605 306 2642 Kaisers
336 2609 535 2652 gegeniiber
566 2608 721 2643 Rainald
744 2609 881 2644 betrifft
894 2637 902 2653 ‚
942 2620 980 2644 so
1013 2609 1091 2644 halt
1123 2620 1159 2644 es
1193 2608 1421 2644 Giesebrecht
1453 2608 1544 2643 wohl
1574 2608 1641 2642 mit

68 2651 183 2688 Reeht
205 2653 262 2689 fiir
285 2655 497 2699 unmoglich,
523 2655 605 2690 dass
622 2655 804 2691 Friedrich
829 2656 928 2691 einen
943 2656 1063 2700 Manu,
1089 2656 1150 2691 der
1174 2656 1248 2690 ihm
1273 2656 1399 2690 soeben
1422 2655 1640 2690 bemerkens-

69 2702 173 2735 werbe
194 2701 340 2736 Dienste
363 2702 527 2746 geleistet
550 2703 662 2747 hatte,
688 2703 741 2738 als
764 2703 930 2739 Verrater
946 2715 979 2739 u.
997 2704 1170 2748 Betriiger
1194 2703 1455 2738 brandmarkte.
1501 2702 1639 2737 Anders

69 2746 166 2782 steht
187 2759 226 2783 es
249 2748 316 2784 mit
339 2749 419 2784 dem
443 2750 506 2784 auf
528 2750 584 2785 die
608 2750 714 2785 Wahl
740 2751 909 2786 Paschals
932 2751 999 2786 ΙΙΙ.
1025 2750 1253 2795 beziiglichen
1277 2749 1400 2784 Inhalt
1425 2749 1486 2784 der
1511 2749 1639 2784 kaiser-

68 2793 182 2830 lichen
204 2795 312 2832 Rede.
368 2796 456 2831 Sehr
491 2797 737 2843 glaubwiirdig
769 2798 819 2833 ist
842 2810 890 2842 es,
929 2799 1011 2833 dass
1046 2798 1137 2833 nach
1171 2798 1250 2832 dem
1284 2796 1378 2831 Tode
1411 2796 1554 2831 Viktors
1578 2797 1638 2832 IV.

68 2839 273 2878 Erzbischof
292 2842 436 2878 Kourad
459 2856 490 2880 v.
515 2844 632 2880 Mainz
670 2845 737 2879 den
761 2845 888 2880 Kaiser
912 2857 973 2880 vor
997 2845 1091 2880 einer
1115 2845 1349 2888 Fortsetzung
1375 2843 1436 2878 des
1461 2843 1639 2878 Schismas

68 2891 224 2932 gewarnt
246 2890 322 2926 hat.
368 2891 461 2926 Dass
485 2891 599 2927 semer
621 2892 776 2927 Rainald
808 2893 864 2928 die
889 2893 996 2928 Wahl
1020 2893 1190 2928 Paschals
1214 2892 1281 2928 III.
1319 2891 1426 2926 ohne
1457 2891 1639 2926 Wissen
