2098 3432
424 373 505 413 246

519 486 570 517 19.
597 481 872 526 Archipresbiter
895 490 983 515 vero
1018 481 1058 514 de
1083 481 1186 514 Sacco
1217 480 1252 514 in
1285 481 1607 525 archipresbiteratu
1642 481 1812 526 quondam
1837 491 1896 515 suo
1919 483 1956 516 et

423 529 462 563 in
488 529 565 563 aliis
588 528 759 562 benefitiis
784 538 848 571 que
873 529 952 561 ante
977 527 1102 560 scisma
1125 526 1259 568 habuit,
1293 538 1369 561 cum
1395 527 1484 561 omni
1509 527 1721 572 plenitudine
1743 527 1953 563 restituetur.

516 577 570 608 20.
596 574 753 608 Universi
780 573 885 607 etiam
909 573 1059 606 ordinati
1085 584 1104 606 a
1129 572 1300 617 quondam
1325 573 1502 607 catholicis
1527 573 1579 607 vel
1597 573 1639 606 ab
1657 573 1825 607 ordinatis
1841 583 1955 608 eorum

423 622 458 655 in
483 620 692 654 Theutonico
716 630 820 664 regno
844 619 1071 653 restituentur
1094 619 1130 652 in
1154 618 1331 653 ordinibus
1354 619 1472 653 taliter
1497 619 1665 664 perceptis
1681 628 1750 654 nec
1767 618 1955 654 occasione

423 667 533 701 huius
557 666 743 701 scismatis
769 665 1041 708 gravabuntur.

516 716 570 747 21.
595 713 647 746 De
672 711 916 755 Argentinensi
950 713 1065 744 autem
1105 713 1141 745 et
1174 711 1357 746 Basiliensi
1389 711 1491 745 dietis
1525 711 1691 756 episeopis
1721 711 1779 756 qui
1809 711 1957 746 ordinati

423 760 561 793 fuerunt
586 770 606 792 a
631 758 787 792 Gnidone
813 757 1002 799 Cremensi,
1033 757 1068 790 in
1099 757 1215 791 eodem
1241 769 1345 801 regno
1371 768 1391 791 a
1414 757 1578 802 predictis
1601 757 1846 791 mediatoribus
1871 768 1958 792 com-

422 806 580 839 mittetur
605 819 622 835 *
650 805 682 839 X
707 804 760 838 vel
785 805 860 837 octo
885 815 903 832 ⁴⁶
931 814 1015 847 quos
1039 803 1105 847 ipsi
1131 803 1306 847 elegerint,
1333 803 1390 848 qui
1406 804 1550 848 prestito
1567 803 1756 837 iuramento
1772 802 1958 838 firmabunt

423 852 512 896 quod
538 851 624 884 illud
649 850 828 884 consilium
853 849 895 882 de
918 849 1004 893 ipsis
1028 849 1180 883 Romano
1205 850 1359 894 pontifici
1384 852 1419 883 et
1445 850 1579 883 domino
1603 849 1801 894 imperatori
1825 849 1957 884 dabunt

423 898 513 942 quod
543 897 692 931 viderint
723 907 758 929 se
791 894 951 929 canonice
983 905 1082 939 posse
1108 895 1188 929 dare
1214 897 1341 940 absque
1364 895 1513 941 periculo
1538 895 1670 929 scilicet
1694 895 1805 929 anime
1830 895 1957 930 domini

426 946 564 1023 pape->52¹⁵
581 941 998 1031 dssssssissssssfflzssss‘sszssss
1010 952 1051 1020 ἒξ
1055 941 1956 1033 {stiffi&33313'5512132232220312‘5“533133‘3333·

422 1039 611 1081 peratorem
625 1034 866 1078 1⁴¹(ridericum)
886 1033 920 1066 in
931 1032 1160 1067 Romanorum
1175 1036 1210 1068 et
1223 1035 1427 1068 catholicum
1443 1035 1691 1079 imperatorem,
1706 1033 1764 1068 ita
1775 1033 1959 1077 recipient

422 1083 640 1125 B(eatricem)
660 1081 791 1115 felicem
804 1090 941 1114 uxorem
959 1079 1030 1113 eius
1052 1079 1088 1113 in
1101 1080 1304 1114 catholicam
1324 1083 1359 1114 et
1373 1081 1603 1115 Romanorum
1623 1079 1883 1124 imperatricem,
1907 1080 1959 1114 ita

419 1131 549 1164 tamen
574 1127 663 1173 quod
687 1127 764 1171 ipsa
790 1126 992 1161 coronetur
1017 1137 1037 1159 a
1061 1126 1196 1160 domino
1220 1138 1309 1171 papa
1334 1126 1555 1172 A(lexand1·0)
1581 1126 1633 1160 vel
1658 1137 1678 1159 a
1701 1126 1815 1170 legato
1839 1125 1957 1171 ipsius.

421 1175 605 1209 Dominum
629 1174 756 1208 autem
782 1172 968 1206 Henricum
994 1171 1101 1206 filium
1127 1183 1242 1206 eorum
1267 1174 1302 1207 in
1330 1187 1348 1204 κ
1365 1173 1571 1207 catholicum
1595 1183 1710 1216 regem
1738 1172 1912 1217 recipient.

513 1224 566 1255 23.
592 1221 715 1254 Pacem
739 1219 845 1252 etiam
870 1228 983 1251 veram
1015 1218 1161 1252 reddent
1193 1219 1348 1253 dominus
1380 1230 1470 1264 papa
1493 1234 1511 1250 ae
1539 1221 1575 1253 et
1609 1218 1800 1252 cardina-les
1824 1218 1958 1252 domino

422 1267 618 1313 imperatori
642 1265 844 1310 F(riderico)
876 1266 911 1297 et
936 1264 1070 1298 domine
1094 1265 1302 1309 imperatrici
1327 1266 1506 1308 B(eatrici)
1539 1267 1574 1299 et
1601 1264 1748 1298 Henrico
1780 1264 1854 1308 regi
1889 1263 1958 1298 filio

421 1325 536 1348 eorum
560 1315 596 1347 et
621 1311 787 1346 universis
806 1310 1021 1344 adiutoribus
1037 1311 1200 1355 ipsorum,
1227 1312 1330 1346 salvis
1348 1323 1412 1357 que
1430 1312 1470 1345 de
1488 1311 1727 1356 spiritualibus
1745 1310 1959 1355 dispositioni

422 1363 458 1395 et
482 1359 605 1394 iuditio
631 1357 760 1392 domini
790 1367 876 1401 pape
900 1356 1117 1400 A(lexandri)
1152 1360 1187 1391 et
1219 1358 1371 1391 Romane
1403 1358 1542 1392 ecclesie
1573 1356 1723 1402 presenti
1754 1356 1880 1401 scripto
1910 1367 1960 1390 re·-

422 1408 625 1451 linquuntnr
658 1407 694 1438 et
726 1403 818 1437 salvo
843 1403 934 1436 omni
965 1403 1038 1437 iure
1062 1403 1213 1437 Romane
1237 1405 1376 1438 ecclesie
1402 1404 1564 1438 adversus
1590 1403 1821 1438 detentatores
1845 1413 1958 1436 rerum

422 1453 515 1487 beati
539 1451 634 1486 Petri
659 1453 695 1484 et
718 1449 822 1483 salvis
846 1448 900 1482 his
918 1460 983 1493 que
999 1449 1210 1492 prescripta
1234 1452 1316 1484 sunt
1340 1453 1413 1484 tam
1437 1461 1497 1495 pro
1522 1452 1619 1495 parte
1644 1462 1662 1479 ⁴⁶
1690 1448 1828 1483 ecclesie
1853 1459 1956 1494 quam

423 1510 482 1544 pro
507 1500 605 1544 parte
631 1496 760 1530 domini
784 1495 1002 1539 imperatoris
1027 1498 1062 1529 et
1086 1496 1230 1540 imperii.

515 1547 568 1579 24.
594 1543 717 1577 Pacem
741 1552 819 1576 vero
843 1541 1032 1586 predictam
1058 1542 1230 1586 promittit
1261 1542 1431 1576 dominus
1456 1552 1554 1586 papa
1579 1553 1614 1575 se
1639 1541 1895 1576 observaturum
1919 1541 1956 1575 in

424 1591 523 1625 verbo
548 1589 705 1624 veritatis
730 1590 766 1622 et
789 1597 906 1622 omnes
931 1587 1132 1630 cardinales,
1158 1590 1193 1622 et
1218 1588 1433 1633 privilegium
1456 1589 1536 1622 inde
1560 1588 1663 1622 faciet
1686 1598 1763 1622 cum
1787 1587 1957 1632 subscrip-

423 1637 516 1671 tione
541 1635 690 1670 omnium
723 1634 960 1669 cardinalium.
1013 1634 1086 1678 Ipsi
1121 1634 1226 1668 etiam
1262 1635 1452 1668 cardinales
1489 1634 1653 1679 scriptum
1689 1633 1956 1668 confirmationis

424 1683 574 1728 predicte
623 1682 693 1716 acis
716 1681 845 1716 facient
867 1691 944 1715 cum
970 1680 1180 1725 appositione
1206 1681 1394 1724 sigillorum
1420 1692 1566 1715 suorum.

517 1732 570 1763 25.
626 1730 642 1761 t
677 1727 833 1761 dominus
871 1738 962 1773 papa
997 1727 1118 1761 statim
1156 1727 1320 1762 advocato
1358 1728 1498 1762 concilio
1537 1727 1636 1773 qua-le
1661 1728 1774 1762 subito
1799 1727 1956 1762 advocari

423 1776 561 1820 poterit,
594 1785 670 1808 cum
704 1773 938 1808 cardinalibus
972 1773 1137 1817 episcopis
1171 1774 1315 1818 aliisque
1347 1774 1515 1818 religiosis
1541 1774 1622 1808 viris
1647 1773 1705 1818 qui
1728 1773 1956 1816 interfuerint,

422 1820 803 1856 excommunicationem
839 1821 972 1854 statuet
1006 1820 1042 1854 in
1079 1831 1194 1854 omnes
1231 1820 1289 1865 qui
1327 1821 1415 1855 hanc
1446 1831 1564 1865 pacem
1597 1820 1781 1864 infringere
1812 1822 1958 1866 tempta-

421 1867 577 1909 verint.*)
626 1866 758 1900 Deinde
783 1866 819 1899 in
843 1866 994 1909 generali
1019 1866 1160 1900 concilio
1185 1867 1275 1901 idem
1299 1867 1411 1902 faciet.

513 1916 567 1948 26.
593 1913 712 1947 Plures
749 1912 855 1946 etiam
892 1913 932 1946 de
968 1913 1141 1946 nobilibus
1165 1913 1330 1947 Romanis
1363 1915 1398 1947 et
1432 1912 1620 1958 capitaneis
1651 1911 1835 1958 campanie
1869 1911 1958 1947 hanc

421 1960 563 1994 eandem
589 1969 707 2004 pacem
730 1959 922 1993 iuramento
946 1958 1143 1993 firmabunt.

515 2008 569 2040 27.
595 2005 787 2050 Imperator
818 2015 895 2039 vero
929 2004 1136 2048 predictam
1171 2016 1287 2050 pacem
1322 2005 1476 2040 ecclesie
1501 2006 1540 2040 et
1563 2004 1639 2039 iam
1664 2004 1803 2039 dictam
1827 2014 1956 2048 pacem

423 2052 491 2087 XV
516 2060 701 2086 annorum
734 2050 897 2086 illustris
925 2051 1027 2093 regis
1051 2050 1177 2086 Sicilie
1202 2053 1240 2086 et
1264 2053 1463 2094 treuquam
1496 2051 1791 2086 Lombardorum
1820 2061 1845 2085 a
1867 2060 1955 2094 pro-

425 2098 539 2132 ximis
563 2097 708 2132 scilicet
730 2095 857 2131 Rata)
883 2097 1036 2138 augusti
1061 2106 1176 2140 usquc
1211 2097 1258 2131 ad
1283 2097 1335 2132 VI
1367 2107 1484 2131 annos
1508 2097 1661 2131 firmabit
1683 2097 1873 2131 iuramento
1897 2107 1957 2131 suo

426 2147 461 2178 et
485 2143 676 2188 principum
702 2144 741 2177 et
766 2143 881 2178 faciet
903 2142 1132 2186 Lombardos
1156 2143 1220 2186 qui
1244 2153 1292 2178 ex
1316 2145 1425 2187 parte
1450 2153 1519 2178 sua
1542 2143 1644 2188 sunt,
1673 2142 1771 2178 sieut
1793 2142 1833 2177 111
1857 2152 1956 2178 eom·

424 2190 530 2224 muni
554 2189 695 2232 scripto
721 2190 881 2232 treuque
906 2189 1126 2232 dispositum
1157 2191 1196 2224 et
1226 2190 1407 2233 scriptum
1444 2190 1515 2234 est,
1552 2188 1721 2224 eamdem
1756 2189 1956 2232 treuquam

426 2235 584 2270 firmari.
632 2235 672 2270 Si
707 2244 795 2270 vero
832 2235 968 2279 aliquis
1004 2235 1120 2270 fuerit
1155 2244 1204 2270 ex
1241 2237 1349 2279 parte
1385 2235 1624 2278 imperatoris
1654 2235 1719 2278 qui
1749 2235 1957 2278 predictam

425 2283 628 2325 treuquam
654 2281 781 2316 iurare
805 2281 1052 2326 recusaverit,
1076 2281 1284 2324 imperator
1307 2282 1490 2326 precipiet
1504 2280 1687 2316 universis
1703 2281 1768 2324 qui
1783 2290 1832 2316 ex
1848 2281 1957 2324 parte

428 2338 497 2362 sua
532 2329 635 2372 sunt,
673 2327 742 2363 sub
779 2328 905 2362 debito
941 2327 1136 2362 fidelitatis
1172 2329 1211 2363 et
1247 2328 1370 2370 gratie
1404 2337 1469 2363 sue
1494 2329 1537 2362 ut
1560 2327 1707 2362 nullum
1731 2327 1902 2370 prestent
1925 2327 1960 2362 ei

426 2374 611 2408 auxilium
649 2374 688 2408 et
723 2374 933 2409 volentibus
968 2383 1053 2408 011111
1086 2373 1273 2409 offendere
1306 2374 1345 2408 in
1378 2374 1483 2408 nullo
1517 2373 1702 2408 obsistant
1726 2373 1785 2408 vel
1810 2373 1960 2408 conm-

426 2420 577 2465 dicant,
615 2420 654 2454 et
687 2419 719 2453 si
751 2420 834 2463 quis
866 2419 1087 2464 offenderit,
1124 2430 1199 2454 11011
1232 2421 1411 2455 teneatur
1439 2420 1540 2454 inde.
1589 2419 1810 2454 Mandatum
1833 2420 1960 2454 autem

426 2466 527 2502 istud
559 2475 634 2500 11011
664 2466 855 2501 revocabit
887 2466 1058 2500 dominus
1088 2466 1316 2511 imperator,
1354 2466 1469 2501 donec
1501 2467 1665 2509 treuqua
1696 2465 1862 2500 durabit.
1910 2465 1961 2500 Et

426 2512 597 2547 dominus
621 2511 809 2547 IIenrieus
832 2522 903 2547 rex
927 2512 1026 2546 filius
1051 2512 1129 2547 eius
1155 2513 1325 2555 predicta
1348 2511 1529 2556 firmabit,
1554 2511 1652 2546 sicut
1675 2511 1815 2554 scripto
1839 2511 1960 2554 dispo-

427 2558 541 2593 situm
578 2558 648 2592 est.
704 2558 888 2593 Dominus
925 2558 1040 2593 etiam
1075 2558 1284 2602 imperator
1320 2558 1527 2602 predictam
1565 2566 1695 2600 pacem
1732 2557 1886 2592 ecclesie
1922 2557 1962 2592 ct

427 2604 588 2639 illustris
617 2603 718 2646 regis
749 2604 875 2640 Sicilie
910 2613 1026 2648 usque
1056 2604 1104 2638 ad
1127 2604 1195 2640 XV
1226 2614 1342 2639 annos
1373 2606 1413 2640 et
1441 2605 1642 2647 treuquam
1666 2603 1960 2638 Lombardorum

427 2650 661 2684 corroborabit
685 2651 811 2696 scripto
836 2662 897 2685 suo
921 2662 996 2685 cum
1023 2650 1272 2695 subscriptione
1296 2662 1358 2685 sua
1382 2653 1416 2685 et
1440 2650 1640 2695 principum.

543 2755 576 2794 a)
599 2753 641 2787 K.
667 2753 755 2787 habe
778 2753 835 2786 ich
859 2763 920 2786 aus
945 2752 974 2786 B
999 2754 1148 2796 erganzt.
1209 2768 1212 2773 ·

544 2800 576 2843 *)
602 2799 745 2834 Gemass
780 2799 907 2833 diesem
939 2798 1075 2833 Artikel
1109 2798 1294 2842 vereinigte
1330 2797 1522 2832 Alexander
1550 2797 1614 2832 III.
1650 2807 1705 2831 am
1738 2799 1790 2831 14.
1823 2796 1962 2841 August

429 2846 484 2880 die
507 2846 544 2880 in
569 2845 724 2890 Venedig
749 2845 970 2879 anwesenden
985 2845 1267 2879 Kirchenfiirsten
1292 2855 1331 2878 zu
1357 2844 1465 2878 einem
1482 2843 1632 2886 Konzile,
1656 2842 1962 2886 beziehungsweise

428 2893 520 2927 einer
544 2892 677 2936 Synode
713 2891 784 2925 und
814 2893 920 2925 setzte
952 2902 1061 2935 gegen
1091 2891 1157 2925 alle
1191 2889 1382 2934 diejenigen
1415 2889 1468 2924 die
1493 2889 1605 2923 Strafe
1639 2889 1700 2923 der
1722 2888 1961 2923 Exkommuni-

429 2939 548 2972 kation
572 2938 649 2981 fest,
675 2938 800 2972 welche
826 2937 880 2971 die
903 2937 1068 2982 Vertrage
1091 2937 1238 2971 brechen
1262 2936 1411 2970 wiirdcn.
