2098 3432
1667 254 1693 295 9

123 373 170 423 b)
193 373 363 418 Bericht
382 373 458 417 der
476 372 638 416 wahler
658 372 862 416 Anaklets
885 372 926 415 ΙΙ.
948 383 1000 415 an
1030 370 1156 425 Κϋηῖῃ
1179 370 1345 424 Lustrat,
1368 367 1421 416 18.
1446 369 1524 413 Mai
1546 366 1694 422 1130*).

478 444 705 490 (wammeh,
730 447 831 482 Pont.
857 446 957 481 Rom.
983 445 1086 480 vitae
1111 445 1160 487 Π,
1190 447 1256 480 185
1282 445 1331 487 ff.)

241 522 511 566 serenissimo
533 535 580 563 ac
602 523 896 576 gloriosissimo
916 522 1109 565 Lothario
1126 522 1410 564 Romanorum
1427 520 1524 574 regi,
1546 519 1694 561 fratres

123 581 194 635 qui
222 581 379 623 Romae
411 581 510 622 sunt
541 580 768 622 cardinales
798 581 1028 635 presbyteri
1059 582 1100 620 et
1131 579 1332 629 diacones,
1363 578 1601 620 Bonifacius
1633 577 1696 618 tit.

123 651 155 680 s.
183 638 324 688 Marci,
354 637 577 690 Gregorius
608 637 671 679 tit.
704 650 756 679 ss.
787 638 1092 692 Apostolorum,
1122 636 1292 678 Amicus
1324 636 1386 677 tit.
1419 649 1472 677 ss.
1498 634 1623 676 Nerei
1655 636 1696 675 et

123 694 307 746 Achillei,
337 694 578 736 Desiderius
600 694 662 736 tit.
685 708 714 737 s.
737 695 944 744 Praxedis,
976 695 1080 737 Saxo
1112 694 1176 738 tit.
1200 707 1230 735 s,
1253 693 1453 748 Stephani
1475 692 1518 733 in
1540 691 1696 734 Coelio-

121 754 282 803 monte,
321 751 471 794 Petrus
500 751 679 794 Pisanus
714 752 776 794 tit.
808 765 838 794 s.
878 753 1074 807 martyris
1108 751 1340 801 Suzannae,
1379 750 1529 791 Petrus
1571 749 1634 790 tit.
1667 762 1697 790 s.

121 809 326 860 Marcelli,
358 809 491 863 Sigizo
522 809 584 850 tit.
616 810 738 858 Sixti,
771 809 1032 852 Crescentius
1063 809 1126 850 tit.
1157 822 1210 850 ss.
1241 807 1471 850 Marcellini
1502 809 1544 848 et
1573 806 1698 855 Petri,

125 867 276 910 Comes
301 866 365 908 tit.
396 879 428 908 s.
451 866 638 916 Savinae,
670 867 892 920 Gregorius
923 867 985 908 tit.
1017 880 1047 908 s.
1069 866 1279 915 Balbinae,
1310 865 1540 907 Luitfridus
1571 864 1635 905 tit.
1667 877 1698 907 s.

122 923 285 976 Vitalis,
313 924 554 966 Matthaeus
585 925 648 966 tit.
678 924 719 965 in
751 925 945 974 Euxodia,
975 924 1180 966 Henricus
1211 923 1273 964 tit.
1305 936 1335 964 s.
1366 922 1552 971 Priscae,
1585 921 1693 964 Ode-

121 981 232 1024 ricus
261 981 326 1024 tit,
357 994 410 1023 ss.
438 981 605 1023 Ioannis
637 983 679 1023 et
708 982 850 1031 Pauli,
879 982 1077 1023 Ionathas
1108 981 1170 1022 tit.
1203 995 1232 1022 s.
1265 980 1426 1029 Calixti,
1458 979 1696 1034 Stephanus

123 1038 185 1082 tit.
216 1052 248 1081 s.
269 1038 483 1080 Laurentii
512 1038 554 1080 in
575 1039 769 1089 Damaso,
799 1039 949 1081 Petrus
980 1039 1043 1080 tit.
1075 1051 1106 1080 s.
1128 1038 1308 1088 Eusebii,
1339 1037 1564 1091 Gregorius
1596 1036 1699 1078 diac.

123 1096 230 1139 card.
261 1109 293 1139 s.
323 1096 554 1146 Eustachii,
584 1097 768 1150 Angelus
799 1097 900 1138 diac.
932 1109 962 1138 s.
993 1095 1148 1138 Mariae
1178 1095 1222 1137 in
1253 1095 1491 1144 Dominica‚
1523 1093 1699 1136 Ioannes

123 1153 227 1196 diac.
267 1167 298 1196 s.
329 1153 488 1195 Nicolai
527 1153 570 1194 in
609 1166 770 1196 carcere
801 1154 1010 1203 Tulliano,
1050 1152 1299 1195 Erimandus
1341 1153 1441 1194 diac.
1482 1165 1512 1194 s.
1552 1151 1697 1204 Angeli

122 1212 242 1254 iuxta
279 1211 486 1266 templum
514 1210 643 1261 Iovis,
686 1211 839 1253 Silvius
871 1211 971 1253 diac.
1004 1225 1034 1253 s.
1064 1211 1217 1253 Luciae
1247 1210 1364 1252 iuxta
1393 1209 1698 1263 Heligabalum,

123 1269 338 1311 Romanus
359 1268 460 1310 diac.
483 1281 514 1310 s.
535 1268 736 1310 Hadriani
765 1269 882 1310 iuxta
901 1269 1089 1323 Asylum,
1122 1268 1345 1322 Gregorius
1368 1267 1468 1309 diac.
1492 1280 1522 1308 s.
1543 1266 1698 1308 Mariae

122 1325 166 1368 in
194 1325 370 1380 Aquiro,
407 1325 560 1367 Petrus
593 1325 725 1368 Senex
755 1326 996 1368 Portuensis
1035 1326 1273 1380 episcopus,
1312 1324 1510 1376 Aegidius
1542 1325 1700 1366 Tuscu-

122 1383 244 1426 lanus
275 1383 509 1438 episcopus,
547 1383 832 1425 Trasmundus
865 1383 1063 1438 Signinus
1094 1383 1331 1438 episcopus,
1373 1382 1472 1424 Otto
1504 1381 1700 1424 Sutrinus

124 1441 338 1496 episcopus
369 1454 465 1483 cum
494 1441 665 1494 reliquis
686 1441 900 1483 Romanae
923 1441 1117 1483 ecclesiae
1149 1440 1432 1494 suffraganeis,
1464 1439 1699 1482 subdiaconi

119 1511 286 1552 omnes,
315 1498 575 1554 primicerius
608 1512 703 1540 cum
734 1499 847 1541 omni
877 1499 1017 1541 schola
1047 1500 1284 1548 cantorum,
1325 1498 1476 1539 Petrus
1507 1497 1699 1539 basilicae

126 1555 370 1606 SalvatoriS,
409 1568 514 1609 quae
546 1556 778 1610 appellatur
809 1556 1169 1606 Constantiniana,
1214 1556 1561 1610 archipresbyter,
1601 1554 1700 1596 Rai-

125 1613 264 1656 nerius
304 1626 335 1656 s.
365 1613 522 1655 Mariae
554 1613 719 1656 maioris
751 1614 1100 1669 archipresbyter,
1138 1614 1253 1668 Papa
1283 1614 1338 1667 (Ρ)
1370 1626 1400 1655 s.
1430 1613 1587 1655 Mariae
1619 1612 1700 1653 Ro-

123 1671 280 1713 tundae
311 1670 643 1726 archipresbyter
673 1685 768 1713 cum
798 1672 968 1726 reliquis
999 1672 1212 1713 Romanae
1245 1671 1437 1713 ecclesiae
1470 1670 1699 1724 archipres-

122 1728 277 1784 byteris
318 1730 360 1770 et
399 1741 495 1770 cum
533 1729 643 1770 omni
685 1730 790 1771 clero
822 1730 1029 1779 Romano,
1070 1729 1317 1771 Anastasius
1349 1729 1475 1770 abbas
1506 1741 1536 1770 s.
1567 1728 1699 1776 Pauli,

119 1786 296 1828 Ioannes
347 1786 472 1828 abbas
512 1799 565 1828 ss.
604 1786 805 1841 Stephani
845 1791 886 1828 et
927 1787 1160 1837 Laurentii,
1212 1786 1462 1828 Laurentius
1501 1786 1628 1827 abbas
1669 1799 1699 1826 s.

123 1843 310 1898 Gregorii
330 1843 373 1885 in
394 1843 666 1886 clivo-Scauri
688 1857 783 1886 cum
804 1844 974 1898 reliquis
997 1845 1214 1887 abbatibus
1232 1846 1445 1886 aeternam
1462 1843 1504 1884 in
1521 1843 1699 1884 Domino

121 1901 384 1955 salutem.**)
415 1900 588 1956 Propter
609 1902 869 1956 quorundam
890 1902 1107 1944 hominum
1131 1903 1272 1944 dolosa
1294 1902 1493 1955 figmenta-
1514 1903 1556 1942 et
1586 1914 1703 1942 men-

123 1958 240 2001 dacia
269 1971 486 2009 venenosa,
518 1959 589 2012 qui
610 1959 688 2001 Dei
719 1960 935 2002 ecclesiam
967 1960 1151 2002 scindere
1184 1962 1225 2002 et
1255 1959 1508 2013 simplicium
1539 1958 1701 2000 animas

123 2018 308 2059 euertere
338 2015 566 2058 moliuntur
597 2021 655 2067 et,
687 2017 794 2059 sicut
823 2017 990 2059 Iamnes
1022 2021 1062 2059 et
1092 2018 1302 2059 Mambres
1334 2017 1479 2070 Moysi,
1510 2017 1701 2058 Philetus

124 2075 166 2116 et
184 2073 468 2128 Hermogenes
488 2074 629 2124 Paulo,
659 2075 738 2116 Dei
758 2075 923 2117 veritati
943 2075 1156 2126 resistunt,
1188 2075 1239 2117 ad
1271 2075 1538 2116 serenitatem
1569 2077 1700 2123 tuam,

122 2130 461 2174 christianissime
497 2132 752 2187 principum,
793 2133 1078 2175 vniuersitatis
1115 2135 1281 2175 nostrae
1316 2133 1477 2174 litteras
1509 2132 1615 2174 sicut
1647 2131 1698 2172 ad

122 2188 303 2243 reliquas
326 2188 508 2231 Orientis
539 2202 612 2232 seu
645 2190 868 2232 occidentis
900 2191 1092 2232 ecclesias
1123 2192 1192 2246 pia
1223 2190 1440 2232 deuotione
1472 2189 1700 2243 dirigimus,

125 2247 327 2302 optantes,
358 2249 402 2288 vt
432 2247 482 2289 de
513 2247 588 2298 his,
620 2261 725 2301 quae
755 2250 850 2302 post
881 2248 1040 2290 obitum
1070 2248 1162 2302 piae
1193 2248 1415 2290 memoriae
1446 2247 1584 2302 Papae
1615 2247 1700 2288 Ho-

124 2303 230 2346 norii
259 2304 302 2346 in
322 2304 511 2346 Romana
541 2305 711 2347 ecclesia
742 2319 957 2355 emersere,
989 2319 1063 2347 seu
1094 2306 1143 2348 de
1175 2306 1315 2347 domni
1346 2305 1482 2360 Papae
1513 2305 1702 2346 Anacleti

125 2361 321 2404 electione
363 2361 452 2404 sitis
491 2363 726 2404 litterarum
765 2364 868 2405 serie
908 2364 1112 2405 certiores.
1171 2363 1418 2418 Accepimus
1460 2363 1590 2411 enim,
1635 2375 1702 2404 eos

130 2418 216 2462 suis
247 2419 410 2474 scriptis
439 2420 704 2475 impudenter
735 2434 928 2471 asserere,
960 2421 1174 2463 dominum
1203 2421 1362 2476 Papam
1392 2434 1475 2462 non
1505 2420 1702 2475 petitione

243 2535 279 2573 *ὶ
306 2535 347 2570 In
374 2535 435 2569 der
452 2534 648 2579 Datierung
673 2535 764 2580 folge
788 2536 844 2570 ioh
873 2535 1109 2571 Giesebrecht.
1139 2557 1182 2560 —
1209 2535 1283 2570 Das
1301 2535 1489 2570 Schreiben
1514 2535 1563 2569 ist
1589 2537 1704 2569 znerst

126 2582 312 2648 publiziert
326 2582 465 2617 worden
481 2595 510 2618 v,
528 2582 712 2623 Baronius,
726 2582 816 2618 Ann.
833 2583 925 2618 Eccl.
941 2583 1031 2617 nach
1045 2583 1156 2617 einem
1175 2582 1256 2618 Cod.
1274 2583 1334 2618 des
1351 2583 1408 2618 Kl.
1427 2583 1547 2617 Monte
1565 2582 1701 2618 Casino.

150 2630 182 2669 ²⁸²)
208 2629 336 2676 Zopffel
363 2641 393 2665 a.
421 2641 451 2665 a.
479 2629 518 2665 Ο.
545 2632 614 2664 383
633 2630 668 2664 ff.
695 2630 759 2664 hat
784 2630 1045 2665 nachzuweisen
1070 2630 1228 2675 gesur-ht,
1257 2631 1339 2665 (lass
1364 2630 1520 2665 mehrere
1545 2641 1610 2664 von
1638 2630 1703 2664 den

126 2677 429 2712 unterzeichneten
442 2677 609 2711 Wa'hlern
628 2688 684 2712 am
702 2677 890 2722 Wahltago
907 2678 1007 2712 nieht
1025 2678 1077 2712 als
1094 2678 1126 2711 K
1139 2678 1293 2713 ardina
1304 2679 1342 2713 le
1368 2689 1521 2722 zugegen
1546 2688 1702 2721 gewesen

127 2724 232 2768 seien,
258 2724 394 2759 damals
421 2725 493 2759 also
518 2724 607 2758 noch
632 2725 731 2759 nicht
758 2726 804 2759 ini
831 2726 969 2761 Besitze
995 2725 1056 2759 der
1080 2725 1172 2759 Titel
1199 2737 1325 2768 waren,
1353 2725 1407 2760 die
1434 2726 1483 2759 sie
1509 2724 1544 2760 in
1573 2724 1702 2759 diesem

129 2771 316 2807 Sehreiben
343 2771 417 2806 sich
441 2772 610 2816 beilegen,
637 2772 785 2807 sondern
812 2777 883 2808 erst
909 2785 974 2807 von
1000 2772 1152 2811 Anaklet
1178 2773 1224 2807 II.
1253 2785 1331 2807 zum
1356 2773 1454 2807 Lohn
1480 2773 1535 2806 fiir
1561 2772 1616 2807 die
1642 2783 1699 2816 ge-

122 2818 285 2854 leisteten
309 2819 455 2854 Dienste
488 2820 568 2854 teils
604 2831 645 2854 zu
670 2820 1038 2863 Kardinaldiakonen,
1072 2820 1153 2854 teils
1179 2832 1220 2854 zu
1246 2820 1624 2866 Kardinalpresbytern
1651 2831 1702 2853 er—

126 2865 403 2948 ls¹⁰bgg2worden
429 2867 532 2902 seien.
567 2867 647 2911 Vgl.
676 2867 833 2912 da-gegen
860 2868 915 2903 die
940 2867 1214 2912 Ausfi'ihrungen
1239 2867 1295 2902 bei
1320 2867 1518 2902 Bernhardi
1545 2878 1575 2901 a.
1604 2878 1632 2902 a.
1662 2865 1702 2901 O.
