2098 3432
465 302 546 341 282

463 813 549 856 [32]
595 813 630 847 Si
662 814 754 858 quia)
789 825 829 848 ex
853 817 951 858 parte

994 419 1079 461 [34.]
1116 418 1161 452 In
1202 418 1303 452 omni
1339 396 1483 453 decimo

1563 420 1627 459 34.
1647 419 1696 459 In
1718 420 1827 460 omni
1843 420 1996 462 decimo

992 473 1090 498 anno
1107 463 1307 498 fidelitates
1326 474 1482 499 renova·
1506 486 1610 515 anno
1639 475 1855 517 fidefitasses
1883 489 1998 519 reno,

991 509 1088 544 bunt
1101 509 1139 543 in
1157 509 1229 555 his,
1254 510 1318 553 qui
1335 510 1482 544 domino

990 555 1211 600 imperatori
1224 566 1286 590 eas
1300 566 1373 590 non
1384 556 1481 591 rece-

1505 531 1658 571 vabunt
1678 531 1719 571 in
1740 532 1815 581 his,
1838 532 1907 584 qui
1927 545 1996 574 eas

990 601 1084 647 rint,
1118 611 1201 636 cum
1226 602 1304 647 ipse
1329 602 1482 647 petierit
1504 586 1619 627 1¹0biS
1676 599 1756 628 non
1791 643 1799 651 ·
1819 587 1996 638 fecerint,

990 657 1058 692 per
1092 657 1130 683 se
1172 647 1229 683 vel
1267 658 1335 693 per
1373 658 1481 682 suum
1505 654 1598 682 cum
1626 655 1699 683 nos
1718 644 1918 696 petlemus
1933 645 1996 686 vel

990 693 1179 728 nuntium.

991 819 1076 862 [35]
1115 818 1151 852 Si
1184 819 1278 863 quia)
1312 830 1350 853 ex
1383 821 1481 862 parte

1503 710 1576 750 per
1603 710 1677 739 nos
1706 699 1770 740 vel
1797 711 1870 752 per
1891 712 1996 741 nun-

1505 753 1609 794 tium
1637 756 1834 796 nostrum.

1561 811 1625 850 35.
1658 809 1700 851 Si
1723 811 1792 863 qui
1813 823 1860 852 ex
1879 813 1995 865 parte

463 859 676 903 imperatoris
703 860 744 894 de
768 861 951 905 possessio·
988 864 1206 909 imperatoris
1241 865 1282 899 de
1318 865 1479 910 possessi·
1503 867 1643 907 nostra
1680 866 1728 906 de
1758 867 1843 908 suis
1877 868 1995 910 iustis

462 905 560 938 nibus
597 906 668 939 suis
697 906 828 951 expulsi
859 909 951 950 sunt,
988 910 1110 944 onibus
1134 911 1205 944 suis
1221 910 1330 945 iustis
1347 911 1479 956 expulsi

462 951 689 985 restituantur
727 952 799 986 sine
834 953 951 987 fructi·
988 958 1088 997 sunt,
1136 957 1364 991 restituantur
1408 957 1480 992 sine

460 997 523 1030 bus
556 999 592 1031 et
628 998 751 1032 damno
788 998 880 1042 dato,
917 1001 953 1034 et
986 1003 1154 1037 fructibus
1179 1006 1214 1037 et
1239 1003 1374 1046 damno,
1407 1003 1481 1038 nisi
1613 1033 1620 1040 .

460 1043 584 1077 offense
609 1044 848 1079 remittantur:
885 1046 950 1080 sal·
985 1048 1448 1095 incausaprincipalisuae
1502 1032 1700 1075 fiuctlbus
1750 1035 1791 1075 et
1835 1034 1992 1085 damno,

462 1089 510 1123 vis
524 1090 692 1132 prioribus
706 1091 862 1125 omnibus
876 1103 950 1126 con·
985 1095 1229 1140 proprietatis
1252 1095 1335 1130 iure
1363 1096 1481 1141 possIt
1501 1089 1580 1130 nisi
1616 1089 1659 1130 in
1697 1102 1820 1132 causa
1847 1091 1994 1144 princi-

985 1151 1024 1176 se
1037 1141 1138 1176 tueri
1153 1151 1358 1186 possessor:
1376 1142 1479 1176 salvis
1501 1145 1582 1198 pali
1627 1158 1699 1186 Seu
1738 1147 1993 1200 proprietatis

459 1136 668 1170 cessionibus
703 1146 769 1172 seu
791 1138 950 1182 permis-

460 1181 624 1217 sionibus

650 1184 688 1218 et
712 1183 817 1218 salva
849 1194 950 1219 com·
985 1188 1156 1232 prioribus
1189 1188 1478 1230 concessionibus;

459 1228 655 1310 iffitississr’
673 1229 951 1321 ῗαξέἒῖιὲἒέῗὲ
985 1236 1180 1315 331553233
1199 1234 1478 1315 fflifflffiffiff.
1502 1270 1720 1311 possessor,
1764 1258 1885 1300 salvis
1915 1259 1994 1312 pri-

458 1322 634 1364 parentes
703 1321 828 1364 Egidii

1502 921 1822 974 possessionibus
1838 923 1994 977 expulsi

1503 980 1610 1027 sunt,
1625 978 1894 1020 restituantur
1909 980 1994 1020 sine

1501 1201 1588 1242 iure
1631 1202 1758 1255 possit
1809 1215 1851 1244 se
1887 1203 1994 1245 tueri

904 1323 948 1358 de
986 1326 1166 1361 servando
1183 1326 1240 1360 his
1251 1327 1292 1372 c),
1310 1326 1374 1370 qui
1390 1327 1478 1360 sunt
1502 1313 1637 1354 oribus
1653 1315 1989 1363 concessionibus;

459 1365 649 1405 Prando*›
710 1378 777 1413 pro
828 1370 948 1404 morte
986 1382 1034 1407 ex
1076 1373 1185 1417 parte
1223 1372 1477 1425 imperatoris,
1502 1371 1543 1410 et
1571 1382 1710 1411 omnes
1741 1370 1915 1412 offensae
1936 1371 1991 1413 eis

459 1412 552 1458 eius,
575 1413 646 1448 nisi
663 1423 850 1459 possessor
866 1425 948 1449 mu·
985 1419 1088 1453 circa
1099 1418 1396 1471 restitutionem,
1411 1419 1476 1452 nisi
1500 1425 1772 1467 remjttantur,
1839 1426 1992 1468 Eodem

458 1458 559 1494 nitus
599 1460 715 1494 fuerit
754 1460 949 1505 privilegio

458 1505 515 1539 vel
538 1505 764 1540 investitura
785 1506 947 1552 impera-

457 1550 551 1585 toris
575 1552 632 1587 vel
658 1553 758 1594 regis
782 1563 847 1587 seu
872 1553 949 1588 alio

456 1596 538 1632 iure
563 1600 598 1632 et
621 1598 688 1632 nisi
713 1599 835 1633 civitas
857 1602 947 1634 tene-

457 1645 535 1677 atur
570 1645 770 1687 iuramento,
808 1649 847 1679 ut
883 1658 948 1680 non

456 1690 628 1725 restituat.
655 1690 728 1732 Quo
753 1703 833 1725 casu
860 1692 948 1726 arbi-

457 1735 523 1770 trio
563 1737 643 1771 boni
682 1738 746 1771 viri
794 1738 948 1772 volumus

456 1792 515 1825 pro
525 1783 743 1818 restitutione
757 1785 946 1827 succedere,

455 1829 576 1873 pactis
623 1829 725 1864 inter
775 1829 948 1866 civitates

456 1875 581 1922 raetis,
621 1876 821 1920 presertim
858 1878 946 1912 ante

455 1920 654 1966 imperium
695 1922 836 1957 domini
875 1923 946 1957 im-

455 1967 658 2014 perator1s‚
675 1968 714 2003 in
731 1978 798 2004 suo
814 1969 947 2004 robore
964 1980 966 1991 ¹

455 2014 696 2060 durantibus,
716 2015 833 2050 veluti
851 2016 948 2059 quod

456 2060 597 2095 factum
615 2059 688 2095 ruit
703 2060 807 2096 inter
822 2061 946 2097 Bono-

456 2105 602 2142 nienses
626 2107 666 2142 et
688 2107 891 2142 Faentinos
909 2110 948 2143 et

455 2151 672 2188 Imolenses.
686 2153 739 2196 **)

502 2266 534 2302 a)
557 2263 718 2308 Yignati:
745 2265 831 2310 quis.

502 2310 534 2355 *)
554 2309 702 2354 Agidius
720 2310 856 2346 Prando
878 2322 949 2346 war

458 2359 546 2391 1168
571 2367 612 2390 zu
637 2355 724 2390 Susa
748 2357 809 2391 auf
829 2357 948 2392 Befehl

455 2402 651 2437 Friedrichs
680 2402 836 2448 gehangt
866 2415 947 2438 wor-

457 2449 541 2492 den,
583 2449 674 2483 seine
713 2449 948 2484 confiscierten

457 2494 566 2530 Giiter
595 2495 631 2529 in
657 2495 722 2529 den
745 2495 861 2530 Besitz
885 2496 948 2530 Pa-

456 2541 528 2575 vias
575 2541 783 2585 gekommen.
843 2542 950 2576 Pavia

455 2587 585 2622 schloss
623 2589 738 2632 apator
776 2588 841 2622 mit
883 2588 949 2623 den

454 2633 682 2668 Verwandten
771 2634 948 2669 desselben

455 2680 552 2714 einen
575 2679 766 2724 Vergleich.

502 2726 552 2768 **)
591 2725 700 2760 Imola
740 2726 839 2761 hatte
875 2726 948 2761 sich

458 2775 557 2816 1153,
595 2774 683 2807 1168
707 2784 741 2807 u.
770 2776 854 2809 1181
882 2773 948 2807 den

454 2818 600 2853 Stfidten
633 2818 788 2863 Bologna
819 2830 853 2854 u.
883 2818 946 2852 Fa-

453 2875 536 2899 enza
558 2866 660 2899 unter
684 2864 749 2899 den
767 2865 946 2899 hartesten

985 1465 1107 1499 civitas
1168 1467 1325 1499 teneatur
1386 1476 1475 1499 lura·
1505 1481 1512 1488 ·

986 1513 1109 1554 mento,
1135 1513 1174 1545 ut
1202 1522 1269 1545 non
1293 1511 1475 1552 restituat;

985 1568 1050 1602 quo
1075 1568 1155 1591 casu
1190 1557 1369 1591 arbitrium
1397 1557 1474 1591 boni

984 1603 1048 1638 viri
1072 1603 1227 1638 volumus
1255 1615 1314 1648 pro
1338 1603 1476 1638 restitu-

984 1650 1075 1684 tione
1104 1649 1292 1684 succedere.

1030 2267 1064 2308 a)
1087 2265 1247 2310 Vignati:
1274 2265 1360 2310 quie.

1029 2312 1064 2356 b)
1091 2311 1178 2346 seu?

1030 2359 1061 2399 c)
1087 2358 1121 2392 in
1146 2357 1229 2392 his?

1501 1494 1588 1522 lure
1618 1482 1815 1523 servando
1844 1483 1887 1524 in
1916 1483 1990 1533 his,

1503 1537 1573 1590 qui
1602 1539 1698 1579 sunt
1719 1550 1766 1579 ex
1785 1540 1900 1592 parte
1920 1552 1992 1581 no-

1501 1595 1596 1642 stra,
1637 1595 1740 1635 circa
1767 1594 1991 1636 restitutio—

1500 1662 1605 1699 nem,
1624 1650 1703 1691 nisi
1724 1649 1864 1692 civitas
1880 1652 1992 1692 tene-

1501 1707 1594 1746 atur
1640 1705 1886 1757 iuramento‚
1943 1710 1990 1748 ut

1499 1774 1580 1803 non
1638 1762 1850 1811 restituat;
1910 1775 1990 1816 quo

1500 1830 1597 1859 casu
1641 1817 1854 1860 arbitrium
1897 1819 1990 1861 boni

1499 1874 1575 1915 viri
1604 1874 1790 1916 volumus
1827 1887 1901 1928 pro
1925 1887 1991 1916 re-

1500 1930 1711 1972 stitutione
1739 1931 1963 1972 succedere.
