2098 3432
456 317 509 357 14

565 426 790 467 Maiestatis
827 425 984 465 divinae
1025 423 1314 477 dispensationi
1351 425 1392 464 et
1429 423 1590 465 consilio
1634 423 1786 477 placuit
1813 436 1887 465 nos
1914 435 1987 478 pa-

457 486 620 524 tronum
642 495 687 522 ac
707 482 958 522 defensorem
979 486 1142 520 sanctae
1164 479 1353 520 ecclesiae
1374 480 1581 520 Romanae
1603 481 1792 529 statuere,
1817 479 1986 532 ideoque

454 550 615 579 necesse
638 537 853 578 habuimus
875 549 944 589 pro
965 536 1091 588 ipsius
1112 535 1348 575 liberatione
1378 535 1616 588 propensius
1646 536 1839 576 laborare.
1883 535 1988 577 Cum

454 595 577 647 igitur
607 593 742 634 ascitis
771 593 886 633 nobis
917 591 1240 644 archiepiscopis,
1283 591 1475 644 episcopis
1507 593 1547 632 et
1576 592 1808 640 abbatibus,
1842 591 1991 645 princi-

454 651 591 703 pibus,
631 649 870 696 ducibus,
911 647 1123 688 comitibus
1155 649 1195 687 ct
1224 646 1522 687 marchionibus
1550 647 1664 699 regni
1693 647 1846 695 nostri;
1887 647 1990 701 epis-

456 718 572 759 copos
594 705 725 753 etiam,
757 704 933 752 comites,
964 705 1004 743 et
1025 703 1122 743 alios
1143 704 1312 743 barones
1332 703 1473 743 Italiae
1486 703 1525 755 *)
1555 703 1764 744 nobiscum
1785 702 1990 751 ducentes,

454 762 595 803 bellico
631 763 827 813 apparatu
856 759 1004 812 stipati,
1035 759 1082 799 ad
1105 758 1259 800 Urbem
1289 759 1641 811 proficisceremur,
1669 758 1834 800 nuntios
1863 758 1990 800 schis-

456 817 594 858 matici
623 817 731 857 illius
762 816 872 856 Petri
904 815 1046 855 Leonis
1078 814 1311 866 frequenter
1340 815 1567 855 habuimus.
1613 814 1692 864 Qui
1720 814 1914 856 nimirum
1944 827 1991 856 ex

456 876 570 926 parte
607 872 715 912 illius
756 871 956 912 iustitiam
994 870 1324 923 praetendentes,
1360 870 1436 923 ipsi
1474 870 1516 910 in
1552 870 1616 911 ius
1654 870 1712 911 ire
1740 872 1882 924 parato
1909 883 1991 911 non

459 929 602 969 debere
633 927 883 968 audientiam
914 927 1122 978 denegari,
1159 938 1232 967 nec
1261 926 1474 967 hostilibus
1505 926 1876 979 impugnationibus
1904 939 1991 967 mo-

458 984 608 1033 lestari,
620 983 789 1037 publicis
807 983 1045 1023 clamoribus
1059 983 1372 1034 asserebant.**)
1415 982 1593 1023 Diutinis
1611 995 1703 1034 ergo
1721 994 1859 1023 eorum
1868 982 1993 1023 inter-

460 1040 743 1094 pellationibus
765 1040 976 1092 provocati,
1006 1038 1182 1090 idipsum
1203 1038 1396 1091 episcopis
1419 1040 1459 1079 et
1489 1038 1768 1087 cardinalibus,
1799 1038 1868 1091 qui
1899 1050 1992 1079 cum

461 1097 606 1137 domno
628 1107 732 1148 papa
752 1094 985 1135 Innocentio
1008 1098 1132 1142 erant,
1164 1094 1386 1146 significare
1418 1094 1543 1135 coacti
1574 1106 1728 1135 sumus.
1775 1094 1860 1148 Ipsi
1888 1107 1992 1143 vero,

460 1155 672 1204 tamquam
709 1151 991 1191 canonicarum
1031 1150 1285 1191 sanctionum
1328 1152 1368 1191 et
1407 1149 1710 1191 institutionum
1754 1150 1993 1192 ecclesiasti-

459 1221 598 1249 carum
618 1220 698 1248 non
720 1207 858 1258 ignari,
889 1206 1117 1246 universam
1138 1206 1213 1246 Dei
1234 1199 1442 1247 ecclesiam
1459 1206 1541 1246 iam
1565 1218 1685 1259 super
1713 1206 1788 1247 hoc
1814 1207 1995 1260 promul-

461 1276 576 1317 gasse
616 1263 878 1310 sententiam,
923 1262 1090 1302 Petrum
1132 1262 1277 1302 Leonis
1318 1274 1363 1303 ac
1397 1261 1608 1315 complices
1648 1274 1741 1303 suos
1780 1261 1993 1304 damnasse

465 1323 706 1368 asserentes,
761 1318 866 1370 quod
904 1320 990 1358 erat
1037 1318 1309 1358 universitatis
1353 1331 1433 1359 non
1482 1318 1624 1359 debere
1665 1317 1867 1371 privatum
1909 1318 1996 1360 fieri

463 1375 767 1429 responderunt.

575 1431 659 1471 Nos
704 1432 841 1471 autem
876 1429 1051 1482 idipsum
1082 1443 1173 1470 cum
1204 1430 1399 1482 patientia
1428 1431 1730 1483 supportantes,
1770 1431 1811 1471 et
1838 1433 1997 1484 patrem

463 1489 649 1528 nostrum
679 1499 824 1539 papam
854 1486 1136 1526 Innocentium
1168 1486 1217 1525 ad
1252 1486 1402 1527 Urbem
1432 1499 1524 1527 cum
1555 1485 1681 1538 gloria
1710 1485 1917 1536 duximus,
1956 1487 1997 1527 et

463 1542 728 1584 Lateranensi
784 1542 996 1582 cathedrae
1047 1542 1320 1590 restituimus,
1375 1543 1497 1594 atque
1538 1541 1581 1582 in
1622 1543 1759 1583 monte
1796 1542 1995 1584 Aventino

466 1598 742 1640 castrametati
764 1598 926 1638 fuimus.
975 1597 1117 1649 Ibique
1138 1597 1284 1638 Petrus
1305 1598 1451 1642 Leonis
1472 1610 1589 1638 aures
1618 1599 1788 1647 nostras,
1819 1600 1860 1640 et
1887 1598 1996 1652 prin-

469 1655 604 1708 cipum
640 1655 892 1702 nostrorum,
932 1666 1003 1706 per
1032 1653 1198 1693 Petrum
1237 1654 1331 1694 olim
1362 1654 1628 1695 Portuensem
1667 1653 1918 1708 episcopum,
1955 1655 1997 1695 et

468 1723 538 1764 per
585 1710 681 1751 alios
721 1710 897 1750 fautores
937 1722 1030 1750 suos
1068 1709 1367 1762 praetendendo
1405 1709 1625 1759 iustitiam,
1666 1709 1880 1751 sollicitare
1917 1722 1999 1751 non

469 1766 635 1807 destitit.
695 1765 773 1816 Qui
811 1765 952 1813 etiam,
993 1765 1236 1806 munitiones
1276 1768 1316 1806 et
1346 1766 1504 1806 obsides
1535 1778 1577 1806 se
1606 1765 1720 1806 nobis
1750 1765 1916 1807 daturos
1947 1765 1997 1807 ad

468 1822 748 1863 sufficientiam
787 1834 858 1874 pro
895 1821 1087 1862 servando
1127 1821 1290 1870 iudicio,
1329 1824 1370 1862 et
1404 1822 1494 1862 viva
1530 1834 1624 1862 voce
1665 1823 1706 1862 et
1733 1821 1880 1863 litteris
1907 1834 1999 1876 pro-

468 1879 676 1919 miserunt.
724 1877 872 1917 Pacem
892 1877 1016 1929 igitur
1037 1877 1122 1918 sine
1154 1877 1345 1918 effusione
1375 1877 1583 1930 sanguinis
1612 1877 1831 1919 reformare
1859 1878 1902 1918 in
1921 1877 1998 1919 Dei

469 1934 635 1975 ecclesia
671 1934 893 1986 cupientes,
936 1945 1037 1984 quae
1074 1932 1188 1974 nobis
1226 1933 1284 1974 illi
1322 1934 1523 1983 dixerant,
1565 1933 1757 1974 fratribus
1797 1934 1868 1986 qui
1905 1946 1999 1975 cum

468 1990 614 2031 domno
643 2002 747 2042 papa
775 1989 1008 2029 Innocentio
1039 1991 1154 2029 erant
1181 2002 1252 2042 per
1280 2003 1352 2031 nos
1382 1990 1490 2043 ipsos
1521 1989 1844 2041 significavimus.
1899 1989 1999 2031 Cae·-

467 2048 601 2087 terum
639 2045 736 2098 ipsi,
772 2046 910 2098 utpote
946 2045 1056 2097 pacis
1096 2047 1314 2095 amatores,
1352 2046 1400 2086 de
1429 2045 1585 2086 iustitia
1614 2045 1877 2095 confidentes,
1914 2046 2001 2086 tam

469 2113 660 2155 personas
691 2113 804 2150 suas,
835 2113 958 2152 quam
987 2101 1152 2150 Leonis,
1184 2103 1224 2142 et
1253 2102 1427 2143 filiorum
1458 2114 1644 2151 suorum,
1675 2113 1830 2143 necnon
1859 2101 2002 2150 Centfi,

470 2204 503 2237 in
538 2203 624 2236 Rom
658 2205 727 2245 (30.
754 2202 866 2246 April)
901 2201 969 2234 und
1005 2202 1064 2236 der
1093 2202 1372 2246 Kaiserkronung
1405 2205 1450 2247 (4.
1484 2202 1580 2247 Juni)
1614 2202 1738 2247 erfolgt
1770 2202 1852 2238 sein.
1900 2202 2001 2236 Nsch

476 2248 699 2283 Giesebrecht
722 2247 781 2290 IV,
818 2250 862 2281 82
887 2247 909 2281 f.
935 2247 1034 2281 Α11111.
1068 2248 1115 2281 ist
1140 2260 1183 2282 an
1209 2249 1269 2282 der
1292 2249 1456 2283 Echtheit
1480 2249 1539 2283 des
1563 2249 1817 2283 Aktenstiickes
1840 2248 1938 2283 nicht
1962 2259 2002 2282 zu

474 2295 634 2335 zweifeffl,
661 2294 748 2327 wohl
775 2294 855 2326 aber
879 2293 926 2326 ist
951 2294 1105 2327 dasselbc
1130 2306 1194 2328 nur
1217 2295 1251 2329 in
1277 2295 1385 2329 einem
1409 2294 1584 2328 mehrfach
1609 2294 1875 2340 corrumpieroen
1898 2293 2002 2328 Texte

473 2341 534 2374 auf
556 2351 618 2374 uns
643 2340 852 2383 gekommen.
894 2339 1084 2373 Bornhardi
1103 2351 1131 2374 a.
1152 2351 1180 2374 a.
1200 2340 1238 2375 Ο.
1265 2341 1397 2375 Exkurs
1414 2341 1457 2382 X,
1483 2341 1516 2374 S.
1542 2343 1608 2375 847
1634 2340 1668 2374 ff.
1694 2342 1874 2383 vermutet,
1899 2339 2002 2383 „class

473 2387 537 2420 das
553 2385 834 2420 Rundsehreiben
852 2385 906 2418 die
923 2386 1046 2418 Arbeit
1062 2386 1153 2420 eines
1170 2387 1530 2421 wohlunterrichteten
1554 2386 1879 2421 norditalienischen
1894 2385 2002 2420 Brios-

471 2433 604 2466 stellers
630 2431 696 2473 ist,
732 2431 904 2465 vielleicht
928 2431 1122 2474 desselben,
1158 2433 1218 2466 der
1243 2433 1296 2467 die
1321 2433 1547 2467 interessante
1572 2432 1772 2476 Sammlung
1794 2431 2002 2476 verfertigte,

472 2489 535 2512 von
562 2478 622 2511 der
637 2477 869 2511 Wattenbach
886 2477 931 2510 im
949 2477 1021 2510 Iter
1036 2477 1256 2512 Austriacum
1282 2478 1422 2522 (Archiv
1445 2479 1469 2512 f.
1495 2481 1560 2512 ost.
1580 2477 1700 2513 Gesch.
1717 2478 1810 2523 XIV,
1836 2478 1870 2512 S.
1887 2480 1932 2512 39
1949 2478 2002 2514 θ’.)

471 2524 654 2564 handelte,
695 2523 796 2556 deren
821 2523 933 2556 Briese
969 2524 1075 2557 neben
1110 2524 1217 2558 vielen
1250 2525 1401 2558 salschen
1425 2524 1592 2568 Angabeu
1627 2524 1702 2558 eine
1733 2523 2005 2559 {iberraschende

471 2569 640 2604 Kenntnis
675 2569 733 2602 der
767 2568 982 2602 Thatsachen
1017 2570 1103 2603 auch
1136 2570 1182 2603 im
1216 2571 1387 2604 einzelnen
1422 2571 1570 2614 zeigen.“
1629 2570 1719 2604 Dass
1751 2570 1903 2604 Anaklet
1932 2569 2004 2604 und

473 2616 563 2650 seine
587 2615 772 2658 Anhanger
803 2615 964 2657 geachtet
997 2616 1154 2658 wurden,
1191 2617 1357 2650 nachdem
1391 2616 1445 2650 die
1478 2615 1810 2660 Unterhandlungen
1838 2615 2004 2650 fruchtlos

471 2662 662 2706 geblieben,
689 2661 796 2695 daran
821 2660 964 2694 zweifelt
987 2661 1149 2704 iibrigens
1175 2663 1261 2696 auch
1285 2674 1321 2696 er
1345 2662 1450 2696 nicht.
1494 2662 1571 2706 Vgl.
1598 2662 1685 2696 auch
1709 2661 1839 2704 Ficker‚
1862 2661 2004 2696 Forsch-

471 2719 583 2751 ungen
608 2707 636 2749 Ι,
666 2709 740 2748 168,
770 2709 844 2746 182,
874 2710 954 2748 1853
980 2707 1051 2744 ΙΙΙ,
1077 2711 1154 2742 347.

588 2753 618 2797 *)
645 2753 698 2786 lst
731 2752 785 2786 die
809 2752 1067 2796 Rangordnung
1098 2753 1254 2797 richtig?
1302 2754 1376 2787 Hat
1407 2753 1562 2787 wirklich
1587 2754 1641 2788 ein
1666 2753 1846 2788 deutscher
1869 2753 1936 2788 dux
1962 2764 2006 2788 an

473 2800 598 2833 diesem
622 2799 830 2842 R'omerzuge
863 2798 1153 2842 teilgenommen‘?
1203 2800 1255 2842 **)
1280 2800 1357 2843 Vgl.
1384 2800 1466 2833 Vita
1491 2799 1654 2834 Norberti
1686 2810 1715 2834 c.
1741 2801 1802 2842 21,
1835 2811 1886 2834 wo
1917 2799 2006 2834 nach

474 2845 694 2880 Giesebrecht
718 2844 878 2879 manches
910 2844 1015 2878 schon
1050 2845 1138 2878 nach
1162 2845 1352 2879 Valentano
1377 2846 1508 2889 verlegt
1530 2845 1626 2888 wird,
1653 2855 1723 2879 was
1746 2847 1819 2880 erst
1842 2845 1903 2880 auf
1925 2845 2002 2880 dem

472 2891 619 2925 Aventin
644 2890 825 2924 stattfand.
