2098 3432
327 315 329 318 Α
399 343 481 382 292

401 453 603 494 afferendo
623 450 701 504 ipsi
711 451 740 484 ξι)
761 451 907 491 auxilio
929 454 967 492 et
992 452 1239 505 expeditione
1260 452 1540 505 promovenda,
1561 453 1757 506 episcopis
1778 465 1937 506 quoque
2015 441 2050 504 -ζ

400 513 487 550 tam
515 507 643 549 literis
675 519 796 559 quam
826 506 985 547 nunciis
1026 508 1101 548 sub
1135 520 1241 561 pena
1270 507 1390 549 officii
1429 510 1470 549 et
1498 508 1679 550 beneficii
1707 509 1936 562 pariterque
1994 507 2053 561 [⁵2.

401 562 674 606 anathematis
714 561 1043 603 interminatione
1082 563 1298 604 inhibendo
1335 563 1593 612 destinctiuS,
1632 577 1682 605 ne
1721 564 1786 606 vel
1824 564 1937 606 adiu-
1991 606 1994 608 ,
2045 579 2051 592 ·‘

400 621 550 662 torium
597 619 778 659 facerent
829 618 894 659 vel
937 619 1090 670 aliquid
1142 631 1279 660 secum
1329 631 1560 673 comparare
1603 620 1939 673 presumerent.*)

401 676 512 726 Quas
543 673 722 728 profecto
752 674 909 715 litteras
948 674 1114 726 quidam
1154 688 1200 716 ex
1237 675 1352 716 nobis
1382 675 1571 716 viderunt
1600 677 1641 716 et
1668 676 1937 730 perlegerunt,

400 743 522 785 super
552 731 658 771 facto
689 731 803 771 tanto
825 730 1105 771 vehementius
1128 732 1341 780 ammirati,
1372 734 1523 784 quanto
1553 732 1690 772 minus
1710 731 1938 773 timendum

399 787 544 835 fuerat,
575 787 651 827 sub
683 786 814 839 specie
845 785 1067 827 dilectionis
1107 786 1338 828 inimicitias
1367 787 1536 840 palliari.
1593 787 1770 828 Maxime
1800 788 1938 829 autem

401 845 442 885 et
477 842 705 896 specialiter
749 842 774 882 d
793 855 813 882 e
843 841 980 883 facto
1011 843 1070 882 Tr
1082 854 1102 883 e
1115 855 1270 883 veren
1283 842 1356 883 sis
1397 843 1558 883 eccles
1571 843 1691 896 ie**)
1721 842 1938 892 subiunxit,

400 899 449 940 de
479 911 558 951 quo
588 910 663 939 nec
693 898 800 939 credi
829 898 964 951 potuit
992 911 1066 939 nec
1096 898 1229 939 animo
1260 898 1429 952 concipi,
1468 898 1575 950 quod
1605 910 1650 940 eo
1678 910 1939 952 nequaquam

403 957 565 1008 accepto
585 954 664 994 fine
684 953 788 994 foret
809 953 1141 994 concludendum.
1198 954 1308 995 Nam
1338 955 1372 995 si
1401 954 1624 995 secundum
1646 954 1938 996 ordinationem

400 1012 579 1052 vestram
608 1009 645 1050 id
651 1022 715 1050 em
744 1009 899 1050 factum
929 1009 1212 1051 inconvulsum
1250 1022 1486 1063 permanere
1517 1010 1699 1059 deberet,
1735 1009 1939 1052 videretur

399 1066 617 1120 imperium
647 1065 1034 1106 demembrationem
1072 1070 1112 1107 et
1141 1066 1362 1107 maximam
1401 1066 1464 1107 sui
1501 1065 1600 1107 iuris
1630 1065 1939 1108 diminutionem

400 1121 627 1170 incurrisse,
657 1121 871 1174 presertim
901 1134 958 1162 cu
971 1135 1012 1162 m
1041 1122 1193 1163 nulla
1222 1124 1312 1163 ant
1325 1135 1345 1162 e
1357 1134 1406 1163 ce
1419 1134 1437 1163 s
1449 1134 1467 1162 s
1479 1134 1616 1163 orum
1646 1134 1700 1163 su
1712 1134 1850 1163 orum
1879 1122 1938 1163 ab

401 1178 575 1231 aliquo
606 1178 725 1218 ante
741 1190 886 1218 cesso
900 1190 1007 1218 rum
1045 1190 1100 1219 ve
1114 1180 1337 1219 strorum
1374 1178 1578 1218 factum
1607 1177 1775 1219 fuisse
1805 1176 1940 1218 anti-

401 1233 632 1287 quitatis
662 1233 870 1275 curiosa
887 1235 1118 1287 reportet
1137 1235 1396 1283 memoria,
1426 1233 1557 1286 quod
1579 1233 1938 1286 episcoporum

402 1290 669 1343 quispiam
704 1289 761 1330 in
796 1301 956 1342 regno
987 1290 1271 1331 Teutonico
1311 1289 1756 1331 consecrationem
1792 1287 1937 1342 prius

402 1360 462 1399 qu
477 1358 551 1386 am
580 1345 773 1398 regalia
802 1357 891 1399 per
921 1347 1185 1399 sceptrum
1206 1345 1482 1397 imperiale
1503 1356 1553 1385 re
1567 1345 1783 1398 ceperit,
1813 1343 1939 1398 quod

402 1402 610 1455 quidem
640 1401 836 1442 rationi
874 1414 968 1442 non
999 1401 1220 1453 derogan
1234 1413 1252 1442 s
1291 1401 1346 1440 in
1383 1401 1474 1441 hec
1509 1413 1564 1441 us
1577 1413 1672 1452 que
1711 1402 1940 1454 tempora

401 1471 526 1499 usus
581 1458 898 1511 approbatus
952 1457 1144 1498 celebri
1159 1458 1265 1498 tate
1317 1469 1409 1497 con
1423 1469 1441 1497 s
1457 1456 1668 1497 erravit.
1735 1455 1815 1498 Sed
1864 1467 1940 1498 nec

400 1515 506 1555 hanc
534 1513 694 1566 imperii
722 1513 925 1554 iusticiam
946 1513 1245 1565 infringendam
1273 1525 1345 1566 per
1364 1525 1434 1553 vos
1465 1515 1536 1552 aut
1565 1512 1820 1565 aliquatenus
1849 1524 1940 1566 per-

400 1570 641 1611 mutandam
683 1569 869 1610 dominus
898 1570 1127 1622 imperator,
1159 1581 1262 1618 cum,
1293 1570 1340 1608 ut
1361 1568 1620 1609 attestatione
1649 1567 1939 1610 venerabilium

401 1627 579 1666 virorum
615 1624 947 1667 Monasteriensis
993 1626 1033 1665 et
1067 1624 1252 1666 Astensis
1291 1625 1568 1677 episcoporum
1611 1625 1652 1665 et
1693 1623 1826 1665 fidelis
1864 1622 1939 1664 viri

404 1681 537 1735 S.***)
561 1680 815 1730 mandatarii,
846 1693 946 1733 quos
964 1680 1145 1722 eiusdem
1161 1681 1271 1721 verbi
1288 1692 1498 1734 sponsores
1520 1679 1568 1720 ad
1591 1692 1685 1721 eum
1713 1679 1938 1728 remisistis,

401 1738 665 1779 manifestum
705 1738 781 1786 est,
824 1736 1035 1777 dominum
1063 1737 1303 1778 Fulmarum
1309 1738 1338 1769 b)
1378 1748 1590 1788 nunquam
1626 1748 1697 1777 vos
1734 1747 1940 1777 consecra-

403 1799 542 1835 turum
572 1794 613 1834 in
644 1793 763 1834 verbo
794 1792 946 1834 domini
964 1793 1135 1834 firmiter
1159 1792 1435 1846 promiseritis.
1450 1793 1493 1845 †)
1539 1791 1730 1833 Ceterum
1748 1792 1791 1832 in
1811 1791 1940 1833 archi-

402 1851 636 1903 episcopatu
674 1849 717 1889 M
729 1862 749 1890 e
760 1849 805 1889 di
816 1862 838 1890 o
849 1849 863 1889 l
875 1861 933 1890 an
942 1861 962 1890 e
972 1862 999 1889 n
1011 1849 1052 1890 si
1088 1849 1255 1889 iniurias
1294 1849 1424 1888 multo
1465 1861 1512 1889 ex
1546 1849 1728 1902 tempore
1766 1860 1790 1889 a
1825 1847 1938 1889 vobis

400 1906 570 1960 imperio
607 1905 736 1946 factas
773 1905 814 1945 in
853 1905 1012 1959 publico
1041 1905 1259 1959 proposuit.
1318 1905 1378 1945 Ea
1405 1916 1582 1956 namque
1612 1903 1728 1945 sedes
1741 1935 1750 1952 ‚
1788 1906 1939 1956 quanto

401 1962 544 2003 ceteris
587 1961 630 2002 in
658 1961 779 2002 Italia
814 1961 942 2002 maior
981 1962 1022 2002 et
1062 1961 1317 2002 excellentior
1357 1960 1593 2014 perhibetur
1603 1991 1612 2008 ,
1657 1961 1771 2001 tanto
1806 1959 1940 2000 virum

400 2018 644 2071 prudentem
689 2020 729 2058 et
772 2018 914 2058 utilem
958 2017 1176 2071 imperium
1217 2017 1260 2057 in
1305 2028 1352 2057 ea
1387 2015 1558 2069 requirit
1598 2017 1638 2057 et
1667 2015 1940 2058 necessarium

403 2074 535 2114 habet.
596 2073 686 2121 Sed,
717 2075 765 2114 ut
785 2074 939 2122 asserit,
969 2086 1092 2114 usum
1112 2073 1310 2125 regalium
1330 2072 1498 2126 imperio
1520 2072 1746 2113 antistitem
1775 2071 1940 2113 ecclesie

402 2131 484 2170 iam
513 2130 698 2183 pluribus
730 2129 845 2171 annis
867 2129 1110 2182 denegastis.
1168 2129 1324 2170 Adiecit
1352 2128 1528 2182 insuper,
1560 2128 1723 2181 quantis
1744 2139 1798 2169 ex
1811 2129 1892 2170 act
1903 2127 1941 2168 i-

521 2246 553 2286 a)
579 2245 760 2289 Ludewig:
784 2244 879 2289 ipsis
929 2245 1001 2279 Das
1026 2245 1126 2280 Wort
1149 2245 1237 2279 fehlt
1260 2245 1314 2279 bei
1339 2244 1479 2279 Radulf.

518 2293 554 2327 bl
580 2291 743 2335 Ludewig
767 2291 858 2324 statt
882 2291 915 2325 d.
940 2291 996 2326 F.·.
1025 2292 1115 2326 dum.

522 2338 552 2380 *)
577 2337 696 2372 Urban
721 2337 784 2372 ΙΙΙ.
811 2339 891 2379 sagt
915 2338 1025 2372 selber
1050 2338 1084 2372 in
1110 2337 1235 2371 seinem
1253 2337 1366 2371 Briefe
1391 2348 1434 2370 an
1450 2335 1627 2370 Friedrich
1644 2336 1671 2371 Ι.
1699 2347 1772 2370 vom
1790 2339 1841 2372 18.
1853 2336 1939 2371 Juni

408 2387 494 2419 1186
521 2384 618 2427 (Reg.
633 2384 731 2418 Pont.
759 2395 808 2418 nr.
839 2386 984 2425 15634):
1010 2384 1088 2426 Eos,
1114 2383 1171 2429 qui
1198 2383 1263 2417 sibi
1288 2383 1485 2422 commissas
1511 2382 1670 2416 ecclesias
1694 2383 1766 2416 tam
1789 2382 1942 2417 indebite

405 2430 591 2483 conditioni
629 2430 794 2463 subiicere
830 2432 1117 2475 presumpserunt.
1156 2431 1292 2463 auctore
1333 2429 1468 2462 domino
1506 2428 1671 2473 pastorali
1709 2428 1818 2463 officio
1853 2439 1942 2463 com-

405 2487 669 2564 pesclffigs'slber
707 2522 761 2556 die
786 2521 920 2556 Trierer
944 2520 1167 2566 Doppelwahl
1208 2522 1275 2565 vgl.
1316 2520 1422 2556 Gesta
1461 2521 1679 2555 Treverorum
1717 2531 1744 2555 c.
1781 2522 1941 2556 93—100

405 2569 466 2611 (Μ.
493 2567 534 2603 G.
561 2568 619 2602 SS.
642 2567 794 2620 XXIV„
845 2561 938 2602 Uber
963 2567 1063 2602 deren
1091 2567 1414 2611 Glaubwiirdigkeit
1437 2567 1582 2601 handelt
1597 2565 1942 2619 Scheffer-Boichorst

405 2626 435 2649 a.
465 2613 561 2702 θὴρ).
578 2614 926 2694 SIzhlgffiss-goichorst
960 2671 989 2694 a.
1029 2671 1058 2694 a.
1091 2658 1130 2694 O.
1165 2659 1196 2694 S.
1223 2662 1268 2694 88
1293 2659 1392 2694 Anm.
1419 2662 1439 2694 4
1477 2660 1648 2693 vermutet
1672 2657 1839 2702 Siegfried
1873 2669 1937 2692 von

405 2706 686 2795 HemfssffGosta
710 2751 929 2785 Treverorum
956 2762 983 2785 c.
1010 2754 1069 2786 95:
1093 2751 1255 2785 Urbanus
1289 2751 1323 2784 in
1349 2752 1449 2785 verbo
1475 2750 1602 2785 domini
1626 2750 1799 2784 iuraverat
1821 2750 1858 2784 et
1880 2760 1940 2794 per

405 2798 631 2832 venerabilem
655 2797 958 2832 Monasteriensem
992 2797 1186 2842 episcopum
1210 2797 1444 2831 Hermannum
1477 2796 1675 2842 imperatori
1705 2795 1938 2838 mandaverat,

406 2844 496 2889 quod
521 2844 676 2878 Folmaro
702 2854 878 2896 nunquam
896 2854 1017 2877 manus
1036 2843 1300 2877 consecrationis
1325 2843 1524 2888 imponeret,
1551 2843 1641 2876 sicut
1655 2842 1746 2876 idem
1763 2841 1939 2887 episcopus

406 2892 524 2934 postea
548 2901 661 2924 coram
685 2890 897 2935 prmcipibus
922 2889 1095 2924 confessus
1120 2891 1182 2924 est.
