2098 3432
1621 275 1671 315 11

102 389 270 444 redegit.
328 388 414 443 Ipsi
449 390 591 430 tamen
622 389 674 441 ¹vt
703 400 825 430 canes
867 388 1216 443 impudentissimi
1250 389 1487 430 erubescere
1518 388 1674 430 nescie-

101 448 224 490 runt:
255 446 367 488 frons
389 445 616 487 meretricis
637 445 747 487 facta
769 447 833 487 est
857 445 926 487 eis.
975 446 1038 488 De
1057 445 1306 499 quibusdam
1336 458 1430 487 vero
1462 445 1672 500 episcopiS,

104 517 206 560 quos
242 503 524 558 ixnpostoresa›
552 503 623 543 ⁴illi
652 502 696 543 in
725 502 900 544 factione
929 503 1012 545 ista
1042 503 1118 545 sibi
1151 503 1400 557 applaudere
1433 503 1672 556 gloriantur,

102 561 219 605 nobis
257 573 357 603 cura
394 560 478 602 vlla
506 573 588 602 non
620 562 702 610 est,
742 560 987 617 praesertim
1017 573 1113 603 cum
1143 560 1202 601 nil
1234 560 1283 601 ad
1316 573 1383 602 eos
1414 560 1463 602 de
1493 560 1672 602 Romani

102 617 311 663 Pontificis
342 617 540 660 electione
570 617 788 671 pertineat.

215 675 428 730 Rogamus
465 676 608 728 itaque
648 674 937 716 discretionem
976 677 1095 716 tuam
1135 676 1177 716 et
1206 674 1247 715 in
1286 647 1463 716 Domino
1495 687 1674 716 commo-

103 744 273 783 nemus,
310 734 360 774 ut
396 732 431 774 si
463 733 694 774 Romanam
731 731 946 774 ecclesiam
984 732 1063 787 piis
1105 734 1224 786 optas
1254 731 1412 773 solatiis
1452 733 1493 773 et
1524 731 1672 773 studiis

103 789 328 841 consonae,
360 789 393 832 si
413 789 575 844 imperii
596 789 659 830 tui
679 789 962 831 moderamina
981 802 1053 844 per
1084 789 1225 831 sedem
1256 789 1371 843 cupis
1393 789 1674 843 Apostolicam

102 846 293 898 roborari,
325 860 420 890 cum
450 847 640 889 Romana
670 846 795 888 simul
827 847 998 889 ecclesia
1028 847 1176 901 sapias,
1208 859 1341 899 aequa
1370 846 1487 888 nobis
1518 845 1672 900 pietate

103 904 320 948 concordes
351 905 393 946 et
423 904 637 946 dominum
666 904 825 959 Papam
854 904 1121 954 Anacletum,
1164 917 1287 957 quem
1318 903 1502 946 vnanimi
1533 916 1675 945 omnes

102 961 320 1006 deuotione
349 961 634 1016 praefecimus,
665 961 914 1003 catholicum
943 961 1103 1016 Papam
1133 961 1307 1003 feliciter
1335 973 1603 1014 recognoscas
1635 963 1677 1002 et

103 1019 286 1062 debitam
325 1019 362 1061 ei
393 1019 758 1074 praedecessorum
798 1021 967 1061 tuorum
1005 1031 1118 1060 more
1151 1018 1407 1060 affectionem
1437 1020 1676 1060 reuerenter

104 1076 306 1130 exhibeas.
343 1076 432 1119 Nos
463 1076 631 1130 quidem
663 1076 884 1130 aliquando
915 1078 956 1118 te
986 1090 1069 1118 non
1100 1076 1159 1118 sic
1188 1077 1308 1130 plene
1340 1075 1570 1126 dileximus,
1601 1076 1673 1118 sed

103 1133 202 1189 quia.
221 1133 375 1176 domini
395 1134 534 1188 Papae
565 1146 749 1175 amorem
780 1134 944 1176 vberius
975 1133 1082 1175 circa
1111 1135 1153 1175 te
1183 1133 1344 1175 feruere
1376 1133 1673 1186 cognoscimus,

103 1191 296 1235 eumdem
319 1191 426 1233 circa
445 1193 487 1233 te
508 1193 550 1234 et
570 1191 676 1233 circa
696 1192 894 1233 honorem
914 1193 1036 1232 tuum
1067 1191 1254 1232 animum
1282 1203 1357 1232 nos
1389 1192 1551 1244 gestare
1583 1204 1676 1244 cog-

103 1261 260 1292 noscas.
310 1248 428 1301 Quod
451 1249 486 1290 si
506 1261 581 1290 nos
602 1248 791 1290 fortassis
813 1248 955 1290 audire
987 1248 1209 1298 distuleris,
1240 1248 1442 1303 propitius
1474 1247 1528 1289 sit
1558 1247 1674 1290 nobis

102 1306 236 1357 Deus,
287 1306 385 1360 quia
431 1306 557 1347 nullis
603 1306 836 1347 excessibus
882 1319 906 1347 a
950 1308 1024 1347 tua
1068 1318 1143 1347 nos
1189 1305 1405 1348 dilectione
1456 1306 1674 1347 conuelles.

102 1363 311 1407 Memento
333 1363 470 1414 etiam,
493 1363 603 1417 quod
617 1363 804 1405 Roboam
819 1363 906 1416 regi
922 1363 981 1404 illi
998 1363 1180 1417 contigit,
1203 1363 1274 1416 qui
1291 1363 1458 1405 consilio
1474 1363 1675 1404 iuuenum

105 1421 325 1476 acquiemt,
357 1423 400 1463 at
429 1420 692 1463 sacerdotum
722 1420 855 1462 noluit
886 1421 1067 1462 consiliis
1099 1421 1272 1462 obedire.

102 1633 164 1692 lv.
206 1633 384 1692 Anaklet
418 1634 466 1690 ΙΙ.
510 1634 690 1691 verleiht
723 1635 860 1703 Roget
895 1634 973 1690 den
1011 1634 1258 1702 Kenigstitei
1294 1634 1422 1690 dureli
1459 1634 1526 1690 die
1562 1634 1676 1690 Bulle

557 1729 645 1770 vom
682 1714 747 1770 27.
784 1714 1024 1784 September
1060 1713 1226 1781 1130.*)

463 1800 686 1846 (Watterich,
713 1801 816 1836 Pont.
843 1801 942 1837 Rom.
969 1801 1072 1836 Vitae
1098 1801 1144 1844 ΙΙ,
1175 1804 1241 1836 193
1268 1801 1318 1844 ff.)

221 1875 340 1922 [Falco
376 1879 466 1912 1130
501 1877 685 1920 (Muratori
718 1877 768 1919 V,
808 1878 907 1921 106):
949 1876 1079 1911 Eodem
1119 1890 1208 1912 anno
1248 1877 1447 1923 praedictus
1485 1876 1676 1912 Anacletus

102 1924 197 1960 venit
231 1923 480 1967 Beneventum3
517 1924 640 1959 deinde
666 1924 867 1958 Abellinum
898 1924 1077 1958 civitatem
1110 1926 1176 1960 ivit
1208 1927 1244 1960 et
1278 1936 1356 1959 cum
1382 1925 1562 1970 praedicto
1589 1923 1675 1958 duce

103 1971 252 2017 Rogerio
277 1971 469 2015 stabilivit,
508 1973 549 2006 ut
583 1983 662 2006 eum
701 1983 818 2016 regem
856 1973 1037 2006 coronaret
1068 1972 1218 2007 Siciliae.
1283 1972 1376 2006 Petr.
1412 1972 1510 2006 Diae.
1548 1971 1674 2006 Chron.

104 2018 182 2055 Cas.
207 2017 274 2060 IV,
300 2021 365 2054 97:
400 2018 526 2053 Petrus
551 2021 731 2064 praeterea
757 2018 947 2053 cardinalis
971 2018 1121 2063 Rogerio
1149 2020 1228 2054 duci
1253 2019 1402 2065 Apuliae
1428 2029 1589 2054 coronam
1615 2018 1677 2052 tri-

102 2066 211 2101 buens
243 2067 281 2101 et
309 2077 370 2112 per
400 2066 621 2111 privilegium
647 2065 850 2112 Capuanum
907 2066 1118 2111 rincipatum
1151 2069 1187 2102 et
1212 2067 1379 2101 duc-atum
1404 2066 1675 2112 Neapolitanum

103 2124 183 2148 cum
199 2113 256 2159 Ap
257 2112 340 2156 ulia,
366 2112 529 2148 Calabria
545 2116 581 2148 et
598 2113 718 2148 Sicilia
742 2113 795 2148 illi
820 2078 1028 2148 confirmans
1055 2125 1238 2160 regemque
1264 2114 1480 2148 constituens
1507 2113 1551 2147 ad
1578 2123 1676 2147 suam

102 2124 270 2243 gartemp
263 2141 427 2203 attr'axit;
460 2160 758 2206 praedpiens
783 2164 830 2195 nt
853 2161 1057 2207 episcopi
1082 2165 1125 2196 et
1151 2163 1359 2204 abbates,
1395 2161 1542 2206 quiin
1568 2171 1677 2195 suae

133 2207 299 2243 leionis
324 2209 453 2242 terra
477 2208 744 2251 manebant,
770 2209 807 2243 ei
831 2208 1079 2244 hominium
1103 2210 1334 2253 facerent]

215 2274 474 2331 Apostolicae
516 2275 625 2317 sedis
655 2275 913 2330 providentia
944 2278 986 2318 et
1015 2276 1270 2330 benignitate
1301 2287 1590 2330 provocamur,
1630 2276 1678 2315 ut

103 2335 405 2375 sacrosanctam
420 2333 654 2375 Romanam
676 2333 892 2375 ecclesiam
922 2333 1188 2388 diligentibus
1218 2332 1479 2375 liberalitatis
1510 2333 1674 2374 nostrae

220 2449 252 2484 a)
277 2445 308 2481 is
333 2446 393 2492 qui
419 2446 550 2492 decipit
575 2460 618 2478 -τ
645 2444 664 2481 ὃ
691 2447 874 2490 ἐπιθέτης.

219 2492 256 2538 *J
276 2493 308 2526 V
307 2493 356 2538 gL
383 2493 610 2529 Giesebrecht
634 2495 694 2538 IV,
721 2497 766 2530 62
792 2496 814 2530 f.
850 2507 881 2530 u.
907 2495 1008 2531 Anm.
1036 2508 1069 2530 11.
1096 2495 1293 2530 Bernhardi
1320 2506 1349 2529 a
1379 2506 1408 2530 a.
1437 2494 1477 2530 Ο.
1506 2494 1540 2529 S.
1559 2496 1627 2528 332
1654 2493 1676 2528 f.

102 2538 203 2574 Nach
219 2539 413 2576 Bernhardi
438 2541 587 2586 enthielt
605 2542 660 2577 die
677 2543 937 2578 versti'immelte
954 2543 1122 2577 Urkunde
1139 2543 1229 2577 auch
1247 2542 1302 2576 die
1320 2542 1575 2585 Bestimmung,
1596 2541 1677 2575 dass

104 2585 159 2622 die
182 2586 344 2622 Bischofe
368 2588 440 2623 und
460 2581 551 2623 Abte
575 2589 612 2623 in
629 2590 762 2634 Rogers
789 2589 916 2625 Geb1et
932 2590 1087 2624 Anaklet
1112 2590 1280 2634 huldigen
1307 2589 1444 2624 sollten.
1483 2588 1562 2633 Vgl.
1591 2589 1677 2623 oben

104 2632 160 2669 die
175 2633 282 2669 stelle
306 2646 369 2670 aus
385 2635 479 2671 Petr.
498 2635 596 2671 Diae.
616 2636 741 2672 Chron.
760 2636 837 2672 Cas.
867 2658 908 2662 ——
935 2637 1011 2672 Am
1037 2640 1092 2673 27.
1118 2637 1213 2671 Juli
1243 2639 1332 2671 1139
1358 2636 1506 2670 wurde
1531 2636 1679 2680 Roger

104 2680 315 2717 auchvon
330 2682 613 2718 InnocenzII.
629 2684 699 2718 als
717 2683 866 2727 Konig
886 2685 1143 2719 anerkannt
1158 2683 1272 2728 (Jaffe,
1284 2684 1370 2727 Reg
1379 2684 1479 2718 Pont.
1494 2695 1546 2718 nr.
1559 2684 1677 2726 5734.)

102 2726 146 2762 In
168 2727 230 2763 der
248 2728 415 2764 Urkunde
434 2730 614 2765 Innocenz
628 2731 674 2766 II.
702 2731 789 2765 wird
809 2731 872 2766 das
889 2732 1081 2781 Konigtum
1097 2732 1230 2776 Rogers
1253 2731 1315 2765 auf
1336 2731 1552 2775 Ve1leihung
1569 2730 1677 2764 (1111(11

102 2773 276 2810 Honorius
302 2776 348 2812 II.
384 2777 532 2822 zuriickg
522 2778 673 2814 efiihrt.
709 2778 821 2813 damit
850 2779 950 2813 nicht
983 2776 1058 2814 eine
1091 2779 1285 2822 Handlung
1317 2778 1377 2812 des
1416 2777 1677 2830 Gegenpapstes

103 2820 255 2857 Anaklet
278 2823 335 2868 leg
337 2824 472 2859 alisiert
495 2825 632 2859 werden
657 2819 799 2860 musste.
837 2827 908 2861 Der
930 2826 1103 2870 jahrliche
1122 2826 1202 2860 Zins
1220 2825 1336 2860 wurde
1354 2837 1418 2859 von
1445 2826 1614 2859 Innocenz
1642 2825 1676 2860 in

105 2867 283 2905 derselben
298 2870 399 2906 Hohe
415 2872 629 2917 festgesetzt,
657 2873 719 2908 wie
745 2873 779 2907 in
805 2873 865 2908 der
881 2873 983 2908 Bulle
1006 2874 1188 2908 Anaklets
1231 2871 1628 2916 GiesebrechtIV,155
1653 2873 1676 2908 f.

103 2925 138 2951 u.
155 2915 273 2960 Anmq
299 2917 508 2963 Bernhardi,
533 2919 656 2955 Jahrb.
683 2920 716 2955 d.
745 2920 778 2955 d.
804 2919 845 2955 G.
874 2923 975 2955 unter
1001 2921 1143 2955 Konrad
1168 2920 1234 2955 III.
1261 2920 1294 2954 S.
1325 2922 1390 2955 169
1415 2920 1438 2955 f.
