2098 3432
465 291 520 331 34

470 402 657 454 inquam,
694 401 735 441 in
776 413 854 452 quo
891 401 998 448 stas,
1037 401 1147 440 terra
1185 400 1326 440 sancta
1361 399 1445 446 est3
1483 399 1594 440 locus
1629 399 1742 441 Petri
1777 401 1858 450 est,
1894 401 2006 443 locus
2072 451 2076 453 4

470 457 668 510 Principis
689 457 985 509 Apostolorum,
1014 455 1084 496 ubi
1114 456 1316 496 steterunt
1343 454 1465 508 pedes
1495 456 1593 496 eius.
1637 455 1767 497 Locus
1795 456 1904 498 illius
1933 458 2006 507 est,
2074 461 2078 476 ¹

472 526 594 566 quem
638 512 849 553 constituit
885 511 1084 553 Dominus
1126 511 1335 551 dominum
1378 511 1521 552 domus
1565 524 1662 552 suae
1707 514 1748 553 et
1785 512 2005 566 principem

467 569 596 610 omnis
640 568 902 622 possessionis
947 580 1054 608 suae.
1122 567 1164 608 Si
1208 567 1310 608 forte
1354 567 1615 608 declinaveris
1659 580 1683 608 a
1723 567 1789 609 via
1829 568 2003 619 Domini,

468 625 652 678 sepultus
684 626 745 665 est
774 623 817 664 in
847 623 988 664 eodem
1016 624 1120 671 loco,
1150 625 1197 663 ut
1226 622 1278 663 sit
1307 623 1381 663 tibi
1410 624 1549 664 contra
1576 625 1617 664 te
1645 623 1688 664 in
1715 624 2003 666 testimonium.

466 681 610 721 Merito
640 680 712 721 tali
741 680 911 733 pastori,
939 679 1012 720 tali
1042 679 1210 720 nutritio
1241 679 1456 720 commissa
1485 681 1547 720 est
1574 679 1772 729 Ecclesia,
1809 692 1903 722 cum
1933 680 2002 722 ad-

465 738 544 777 huc
586 738 745 785 tenera,
788 749 882 777 cum
920 735 1050 776 adhuc
1085 735 1126 775 in
1157 735 1366 776 cunabulis
1398 736 1524 782 esset:
1564 735 1679 776 cuius
1709 735 1849 778 edocta
1874 736 2004 789 magi—

468 793 588 833 sterio
611 794 652 833 et
673 792 853 845 exemplo
884 792 1065 840 educata,
1095 791 1230 832 omnia
1258 793 1418 832 terrena
1447 791 1639 839 calcaret;
1669 793 1810 845 utpote
1839 792 1910 845 qui
1938 805 2004 833 ex-

468 850 650 889 cusserat
678 860 824 889 manus
855 860 949 888 suas
980 848 1029 888 ab
1059 847 1169 888 omni
1197 859 1383 895 munere,
1422 847 1491 899 qui
1521 847 1678 888 dicebat
1706 847 1755 889 de
1785 848 1902 890 corde
1931 860 2003 890 suo

467 906 507 946 et
529 904 772 945 conscientia
790 905 916 944 bona:
947 904 1174 956 Argentum
1195 905 1236 944 et
1256 915 1401 944 aurum
1421 915 1502 944 non
1522 905 1584 944 est
1611 903 1713 944 mihi
1732 903 1836 957 (Act.
1855 903 1929 955 III,
1949 905 2004 959 6).

466 961 578 1002 Haec
607 961 815 1004 hactenus.

578 1016 794 1057 Caeterum
823 1027 965 1064 causa,
1008 1027 1133 1067 quare
1163 1016 1256 1055 ante
1286 1016 1447 1068 tempus
1478 1014 1706 1068 scripserim
1734 1015 1866 1066 vobis,
1904 1015 2004 1058 haec

469 1074 543 1113 est.
600 1071 890 1112 Wintoniensis
930 1072 1139 1124 episcopus
1179 1072 1220 1111 et
1258 1071 1522 1112 Eboracensis
1562 1070 1885 1126 archiepiscopus
1923 1084 2005 1113 non

467 1128 709 1180 gradiuntur
728 1140 809 1168 uno
830 1127 974 1180 spiritu
995 1140 1088 1168 curn
1108 1127 1390 1168 Cantuariensi
1420 1126 1771 1181 archiepiscopo,*)
1800 1127 1871 1169 sed
1898 1127 2005 1169 ince-

467 1185 570 1224 dunt
609 1184 683 1225 sibi
723 1196 770 1224 ex
808 1183 992 1232 adverso,
1037 1184 1078 1224 et
1115 1183 1215 1224 haec
1251 1185 1368 1224 vetus
1406 1185 1468 1224 est
1506 1183 1555 1225 de
1592 1183 1793 1236 legatione
1830 1183 2004 1236 querela.

466 1240 759 1281 Verumtamen
799 1239 889 1292 quis
920 1241 982 1280 est
1009 1239 1095 1288 ille,
1135 1241 1176 1280 et
1205 1239 1274 1291 qui
1304 1241 1399 1280 sunt
1427 1239 1515 1280 illi?
1571 1239 1715 1281 Nonne
1743 1239 2005 1282 Eboracensis

470 1296 555 1349 ipse
587 1298 660 1345 est,
690 1296 754 1336 cui
783 1297 823 1336 te
853 1297 1075 1349 praesente,
1105 1307 1198 1336 cum
1221 1295 1353 1336 adhuc
1383 1308 1490 1336 esses
1521 1295 1638 1348 quasi
1666 1308 1774 1337 unus
1803 1307 1850 1336 ex
1877 1296 2004 1345 nobis,

469 1352 614 1392 fratres
653 1351 715 1392 tui
751 1351 989 1392 restiterunt
1025 1351 1067 1391 in
1095 1350 1259 1400 faciem,
1297 1363 1342 1392 eo
1381 1351 1487 1404 quod
1525 1351 1850 1405 reprehensibilis
1889 1353 2005 1394 erat?

469 1408 549 1449 Sed
579 1407 756 1461 speravit
795 1408 836 1448 in
873 1407 1135 1448 multitudine
1166 1407 1398 1448 divitiarum
1427 1419 1595 1449 suarum
1633 1409 1674 1449 et
1710 1407 1938 1462 praevaluit
1964 1408 2007 1449 in

469 1463 647 1504 vanitate
677 1476 762 1504 sua.
821 1463 989 1505 Certum
1019 1465 1082 1504 est
1108 1465 1257 1513 tamen,
1296 1463 1404 1516 quod
1442 1477 1523 1505 non
1548 1463 1715 1506 intravit
1751 1476 1824 1518 per
1858 1463 2009 1505 ostium

467 1520 510 1560 in
541 1520 643 1561 ovile
674 1519 819 1568 ovium,
850 1519 920 1560 sed
941 1519 1121 1560 ascendit
1141 1519 1312 1560 aliunde.
1363 1519 1406 1561 Si
1427 1521 1567 1573 pastor
1594 1519 1749 1570 fuisset,
1779 1519 2006 1573 diligendus

471 1578 580 1623 erat3
612 1576 646 1616 si
674 1576 956 1624 mercenarius,
986 1575 1244 1616 tolerandus:
1273 1589 1382 1617 nunc
1412 1578 1549 1617 autem
1579 1575 1779 1617 cavendus
1809 1577 1850 1617 et
1877 1576 2006 1630 repel-

466 1632 622 1681 lendus,
651 1633 791 1685 utpote
820 1631 885 1672 fur
915 1633 956 1672 et
983 1632 1096 1673 latro.
1140 1631 1246 1682 Quid
1275 1631 1407 1673 dicam
1436 1632 1484 1673 de
1514 1631 1674 1674 domino
1703 1631 2001 1674 Wintoniensi?

468 1688 611 1741 Opera,
642 1700 745 1740 quae
774 1687 858 1741 ipse
888 1687 994 1737 facit,
1023 1687 1302 1729 testimonium
1321 1688 1534 1741 perhibent
1553 1688 1602 1730 de
1623 1701 1679 1729 eo.
1718 1688 1843 1730 Porro
1873 1688 2000 1730 archi-

471 1745 680 1797 episcopus
719 1743 1041 1792 Cantuariensis,
1085 1743 1149 1785 cui
1188 1743 1472 1793 adversantur,
1513 1744 1574 1785 vir
1615 1744 1826 1797 religiosus
1864 1751 1927 1786 est
1960 1745 2001 1786 et

467 1799 735 1841 suaveolentis
756 1800 960 1853 opinionis.
1008 1799 1086 1840 Pro
1107 1800 1193 1852 ipso
1214 1799 1401 1853 petimus,
1431 1802 1478 1841 ut
1507 1800 1748 1854 respondeat
1777 1801 1812 1842 ei
1841 1800 2000 1842 iustitia

467 1868 551 1896 sua.
608 1856 762 1896 Verum
789 1855 951 1896 illorum
989 1855 1182 1908 iniquitas
1220 1869 1340 1909 super
1370 1869 1447 1905 eos,
1486 1858 1533 1897 ut
1571 1856 1634 1906 sit,
1672 1856 1778 1898 sicut
1806 1856 2003 1910 scriptum

468 1914 549 1952 est:
592 1911 754 1952 Iustitia
792 1912 888 1952 iusti
924 1924 1045 1965 super
1084 1924 1177 1952 eum
1207 1912 1302 1962 erit,
1342 1915 1383 1953 et
1418 1912 1604 1966 impietas
1633 1913 1747 1966 impii
1777 1912 1853 1954 erit
1881 1925 2002 1966 super

466 1981 560 2008 eum
580 1968 738 2021 (Ezech.
757 1967 907 2017 XVIII,
937 1968 1019 2020 20).
1069 1968 1173 2009 Cum
1203 1968 1400 2021 acceperis
1430 1971 1604 2022 tempus,
1635 1968 1859 2010 secundum
1879 1980 2000 2022 opera

467 2036 664 2064 manuum
692 2024 855 2064 illorum
873 2023 1071 2064 retribues
1098 2023 1188 2073 illis,
1218 2025 1265 2065 ut
1285 2025 1415 2065 sciant
1433 2025 1675 2078 prophetam
1695 2037 1783 2066 esse
1801 2024 1844 2066 in
1862 2024 2000 2066 Israel.

581 2079 713 2130 Quis
751 2079 876 2120 mihi
914 2079 1018 2129 det,
1055 2082 1329 2132 antequam
1363 2082 1574 2130 moriar,
1620 2081 1788 2122 videre
1825 2081 2002 2122 Eccle-

468 2135 594 2176 siam
623 2135 715 2176 Dei
762 2135 900 2176 sicut
935 2135 987 2175 in
1026 2135 1208 2176 diebus
1247 2136 1496 2189 antiquis,
1541 2136 1740 2189 quando
1779 2136 2002 2191 apostoli

468 2192 719 2232 laxabant
746 2191 882 2232 retia
910 2191 960 2232 in
991 2194 1272 2245 capturam,
1301 2205 1399 2233 non
1427 2193 1481 2233 in
1510 2194 1775 2246 capturam
1805 2192 2002 2246 argenti

469 2248 546 2288 vel
576 2247 709 2296 auri,
740 2247 820 2288 sed
849 2247 899 2288 in
929 2249 1195 2301 capturam
1226 2249 1539 2289 animarum?
1583 2248 1717 2300 Quam
1747 2248 1863 2302 cupio
1891 2248 2000 2290 illius

467 2305 507 2344 te
536 2303 787 2344 haereditare
817 2316 972 2353 vocem,
1001 2303 1116 2345 cuius
1147 2304 1317 2357 adeptus
1347 2317 1389 2346 es
1420 2304 1577 2346 sedem!
1634 2305 1828 2354 Pecunia,
1857 2304 2000 2357 inquit,

466 2361 540 2400 tua
575 2362 710 2400 tecum
750 2359 803 2400 sit
840 2359 882 2399 in
919 2359 1185 2413 perditionem
1215 2360 1333 2413 (Acta
1361 2361 1472 2410 VHI,
1502 2361 1585 2414 20).
1644 2360 1677 2403 Ο
1708 2374 1783 2402 vox
1811 2359 2000 2402 tonitrui!

470 2416 503 2457 Ο
524 2428 599 2456 vox
617 2415 938 2467 magnificentiae
960 2418 1000 2456 et
1019 2416 1201 2457 virtutis!
1223 2416 1273 2456 ad
1293 2417 1408 2457 cuius
1428 2418 1622 2458 terrorem
1642 2417 1940 2458 confundantur
1961 2418 2001 2458 et

469 2473 754 2513 convertantur
778 2473 999 2512 retrorsum
1023 2485 1173 2521 omnes,
1200 2473 1270 2524 qui
1293 2473 1465 2513 oderunt
1483 2473 1597 2514 Sion!
1635 2473 1723 2514 Hoc
1744 2473 2003 2514 vehementer

469 2529 673 2580 exspectat
703 2529 743 2568 et
773 2527 933 2568 omnino
964 2528 1114 2581 expetit
1144 2541 1167 2568 a
1196 2530 1236 2569 te
1265 2530 1396 2570 mater
1418 2531 1510 2576 tua;
1541 2530 1616 2570 hoc
1637 2528 1709 2569 filii
1727 2528 1870 2570 matris
1896 2530 2002 2578 tuae,

467 2584 605 2637 pusilli
635 2596 728 2625 cum
757 2583 976 2625 maioribus
1006 2584 1254 2634 desiderant,
1284 2585 1360 2626 hoc
1389 2585 1614 2639 suspirant:
1653 2586 1702 2626 ut
1729 2585 1860 2627 omnis
1887 2585 2002 2639 plan-

558 2723 589 2762 *l
615 2724 692 2768 Vgl.
717 2735 768 2769 ep.
794 2735 844 2759 nr.
871 2727 948 2759 235.
982 2724 1140 2759 Gemeint
1164 2725 1242 2759 sind
1267 2725 1322 2760 die
1346 2725 1503 2760 Bisehofe
1527 2726 1693 2760 Heinrich
1718 2737 1748 2761 v.
1771 2725 1998 2768 winchester,

464 2769 627 2804 Wilhelm
653 2782 681 2804 v.
707 2770 799 2804 York
825 2771 893 2804 und
918 2771 978 2805 der
992 2771 1192 2805 Erzbischof
1206 2771 1380 2806 Theobald
1405 2784 1435 2807 v,
1455 2772 1678 2816 Canterbury.
1717 2771 1804 2806 Dem
1827 2771 1875 2807 hl.
1897 2771 2002 2806 Bern-

467 2816 555 2849 hard
586 2817 663 2858 galt
684 2817 847 2851 Wilhelm
881 2817 931 2850 als
955 2817 1217 2861 Eindringling,
1250 2818 1301 2852 als
1334 2818 1598 2865 reehtmassiger
1621 2818 1764 2853 Bischof
1789 2817 1845 2852 ein
1875 2817 1999 2854 Cister-

468 2862 667 2897 zienserabt.
716 2862 793 2907 Vgl.
819 2863 906 2897 auch
930 2874 981 2898 nr.
1007 2866 1074 2898 639
1098 2875 1131 2901 u.
1157 2866 1234 2900 640.
