2098 3432
471 330 550 370 132

467 441 576 490 iiia),
604 440 771 482 totius
791 441 960 481 terrae
981 441 1292 482 cometissae
1321 441 1613 491 Mahtildis„
1641 441 1806 484 totius
1827 444 2002 485 terrae

468 509 597 549 quae
636 497 694 538 ab
734 497 1145 550 Aquapendente
1183 500 1266 538 est
1310 509 1473 549 usque
1519 497 1737 548 Romam,
1780 498 2002 541 ducatus

468 552 761 606 spoletani,
790 552 1080 594 insularum
1102 552 1381 603 Sardiniae,
1411 552 1662 594 Corsicae.
1691 554 1850 596 Domno
1866 556 2003 597 autem

464 609 704 662 imperatore
744 620 865 662 super
897 609 960 649 his
995 608 1198 650 iusticiam
1229 610 1270 650 et
1299 609 1512 650 consilium
1541 611 1773 651 constanter
1800 610 2003 662 offerente,

465 665 499 706 si
538 666 579 705 et
613 665 690 718 ipsi
716 664 919 706 iusticiam
947 665 1098 706 vellent
1127 665 1256 706 facere
1287 666 1328 706 et
1355 665 1533 718 recipere
1548 697 1558 714 ,
1594 665 1674 707 illis
1702 678 1798 707 vero
1825 667 2002 721 recipere

463 722 627 762 tantum
663 720 891 762 volentibus
929 722 970 762 et
1008 734 1090 762 non
1127 720 1276 769 facere,
1319 721 1395 762 hac
1444 721 1621 771 ratione,
1665 721 1773 774 quod
1807 722 2003 764 domnum

465 777 731 831 apostolicum
750 789 896 818 causae
906 777 936 811 b)
965 777 1145 818 subicere
1177 789 1224 818 ac
1251 777 1395 818 iudicio
1426 777 1568 818 sistere
1596 790 1678 818 non
1705 780 1881 831 possent,
1910 780 1952 820 et
1981 791 2001 821 e

466 833 730 874 contrario
770 832 952 874 domno
980 833 1294 886 imperatore
1337 833 1503 874 multa
1542 834 1906 888 proponente*)
1944 834 2002 876 de

463 935 510 969 ist
535 946 610 969 voni
632 934 872 979 Standpunkte
897 934 957 968 des
980 933 1228 968 Abschreibers
1266 934 1341 968 eine
1380 934 1635 968 vermeintliche
1658 934 1915 980 Verbesserung
1937 947 2003 971 von

462 981 598 1015 Tiburti
619 981 654 1015 in
677 981 819 1014 tributis
841 980 1164 1015 wahrscheinlicher
1189 981 1241 1014 als
1258 981 1313 1015 ein
1328 980 1536 1014 Verderbnis
1551 991 1616 1014 von
1640 980 1782 1015 tributis
1805 981 1840 1016 in
1854 981 2000 1018 Tiburti.

582 1028 615 1070 a)
639 1026 760 1061 Ficker
785 1027 877 1060 zieht
901 1026 1017 1060 diesen
1032 1026 1167 1061 Namen
1184 1038 1260 1060 zum
1286 1026 1586 1070 vorausgehenden
1612 1026 1766 1070 (‚‚Massa
1780 1026 2000 1072 Fiscaglia“).

462 1073 523 1107 Ich
547 1073 642 1107 halte
677 1084 714 1107 es
749 1073 815 1106 mit
838 1072 1060 1107 Giesebrecht
1095 1073 1166 1106 und
1203 1073 1317 1107 Waitz
1348 1073 1404 1106 fiir
1428 1072 1616 1115 zweifellos,
1657 1073 1737 1107 dass
1769 1073 1835 1108 mit
1865 1073 1903 1110 F.
1928 1073 2017 1108 Fies

464 1119 576 1154 carolo
610 1119 750 1163 (nordw.
785 1130 849 1153 von
881 1118 1038 1161 Ferrara)
1069 1119 1268 1153 bezeichnet
1300 1119 1368 1161 ist,
1402 1119 1556 1152 verstehe
1589 1119 1671 1153 aber
1702 1119 1871 1154 trotzdem
1901 1122 2003 1154 unter

465 1165 583 1199 Massa
608 1165 663 1199 die
685 1165 803 1201 Massa
817 1165 1000 1209 Fiscaglia,
1025 1165 1080 1199 ein
1098 1164 1222 1199 Gebiet
1237 1165 1316 1200 ostl.
1334 1176 1365 1199 V.
1382 1164 1537 1200 Ferrara.
1567 1165 1604 1209 b)
1621 1165 1709 1199 fehlt
1722 1165 1760 1199 in
1774 1165 1854 1201 Rec.
1867 1164 1899 1200 A
1912 1177 1946 1201 u.
1959 1165 2000 1201 B.

579 1211 608 1252 *)
626 1211 691 1246 Die
718 1211 878 1246 Antwort
901 1211 1096 1245 Friedrichs
1129 1211 1190 1245 auf
1214 1211 1269 1245 die
1300 1211 1515 1256 papstlichen
1539 1210 1782 1255 Forderungen
1804 1211 2003 1246 fiberliefert

464 1257 677 1292 ausfiihrlich
699 1258 863 1301 Ragewin
879 1257 939 1300 IV,
965 1268 993 1292 c.
1011 1260 1073 1291 35:
1100 1257 1366 1302 „Episcoporum
1390 1257 1516 1291 Italiae
1539 1267 1601 1300 ego
1627 1257 1764 1302 quidem
1787 1268 1855 1292 non
1880 1257 2001 1292 affecto

462 1303 669 1343 hominium,
697 1304 727 1338 si
750 1306 866 1338 tamen
891 1305 926 1337 et
950 1314 1006 1337 eos
1033 1303 1074 1337 de
1098 1304 1225 1337 nostris
1250 1303 1424 1347 regalibus
1448 1303 1555 1337 nichil
1581 1303 1732 1337 delectat
1753 1303 1888 1339 habere.
1925 1303 2002 1346 ‘Qui

462 1350 491 1384 si
516 1352 696 1394 gratanter
720 1349 892 1383 audierint
916 1361 936 1383 a
951 1349 1104 1384 Romano
1129 1350 1302 1394 praesule:
1338 1347 1440 1391 ,Quid
1463 1349 1528 1383 tibi
1553 1350 1589 1383 et
1611 1349 1686 1393 regi
1695 1349 1725 1383 ¹?‘
1758 1352 2002 1395 consequenter

462 1407 594 1441 quoque
630 1407 686 1430 eos
723 1397 765 1430 ab
802 1396 1006 1440 imperatore
1041 1407 1108 1430 non
1142 1396 1261 1440 pigeat
1295 1395 1432 1429 audire:
1474 1394 1575 1438 ,Quid
1607 1395 1672 1429 tibi
1696 1397 1732 1430 et
1754 1396 1960 1448 possessioni
1969 1396 1999 1430 ‘?‘

460 1442 613 1477 Nuncios
636 1444 771 1476 nostros
786 1453 854 1476 non
870 1453 943 1476 esse
958 1441 1170 1486 recipiendos
1188 1442 1224 1476 in
1241 1441 1382 1486 palatiis
1398 1441 1642 1486 episcoporum,
1667 1443 1800 1477 asserit.
1835 1441 2000 1485 Concedo,

461 1489 490 1522 si
525 1489 613 1523 forte
650 1488 775 1533 aliquis
811 1488 1043 1533 episcoporum
1080 1488 1187 1522 habet
1223 1488 1259 1521 in
1296 1498 1356 1521 suo
1391 1487 1526 1532 proprio
1562 1488 1632 1521 solo
1665 1489 1702 1522 et
1732 1488 1860 1522 nonin
1883 1490 2000 1523 nostro

459 1535 638 1579 palatium.
682 1534 718 1568 Si
734 1536 848 1568 autem
864 1534 900 1568 in
916 1536 1034 1568 nostro
1051 1534 1122 1568 solo
1142 1536 1179 1568 et
1194 1533 1319 1568 allodio
1334 1535 1415 1567 sunt
1430 1533 1562 1578 palatia
1574 1533 1816 1579 episcoporum,
1833 1545 1911 1568 cum
1925 1545 2001 1580 pro-

459 1581 547 1615 fecto
571 1592 668 1615 omne
693 1580 783 1626 quod
806 1579 1024 1614 inedificatur
1048 1580 1119 1614 solo
1143 1580 1254 1623 cedat,
1278 1581 1397 1613 nostra
1421 1582 1503 1614 sunt
1525 1581 1562 1613 et
1583 1579 1725 1624 palatia.
1765 1579 1896 1614 Iniuria
1918 1591 1999 1624 ergo

459 1629 567 1670 esset,
601 1628 630 1661 si
655 1627 732 1672 quis
755 1627 897 1661 nuncios
921 1628 1055 1660 nostros
1081 1637 1101 1660 a
1124 1626 1228 1670 regiis
1252 1625 1392 1671 palatiis
1427 1625 1631 1670 prohiberet.
1685 1625 1832 1670 Legatos
1865 1627 1908 1660 ab
1935 1626 1998 1660 im—

460 1675 616 1718 peratore
648 1673 693 1707 ad
716 1673 843 1707 Urbem
874 1684 942 1707 non
971 1683 1044 1707 esse
1077 1672 1276 1715 mittendos,
1311 1671 1471 1714 affirmat,
1515 1683 1592 1706 cum
1626 1671 1735 1706 omnis
1769 1672 1997 1717 magistratus

461 1719 547 1753 inibi
575 1719 669 1753 beati
698 1719 792 1753 Petri
825 1718 873 1752 sit
901 1729 977 1753 cum
1011 1719 1178 1760 universis
1210 1717 1393 1762 regalibus.
1446 1717 1542 1752 Haec
1565 1729 1630 1760 res,
1654 1718 1774 1761 fateor,
1796 1729 1924 1762 magna
1946 1720 2001 1753 est

461 1767 499 1799 et
525 1766 640 1810 gravis
665 1765 880 1810 graviorique
905 1767 941 1799 et
964 1765 1142 1799 maturiori
1168 1775 1272 1808 egens
1296 1764 1446 1799 consilio.
1495 1764 1587 1798 Nam
1610 1775 1687 1799 cum
1705 1764 1821 1799 divina
1836 1764 2000 1799 ordinati-

460 1823 523 1846 one
556 1823 617 1856 ego
650 1812 824 1846 Romanus
856 1811 1042 1856 imperator
1072 1813 1108 1845 et
1141 1811 1236 1845 dicar
1266 1813 1302 1845 et
1331 1810 1407 1853 sim,
1440 1810 1586 1855 speeiem
1621 1811 1758 1845 tantum
1791 1810 2000 1845 dominantis

459 1857 585 1901 esfingo
601 1860 636 1892 et
649 1858 750 1892 inane
774 1857 893 1902 utique
907 1859 1005 1902 porto
1029 1868 1150 1891 nomen
1168 1868 1207 1891 ac
1229 1857 1302 1891 sine
1321 1867 1376 1899 re,
1402 1857 1432 1890 si
1453 1857 1549 1890 urbis
1559 1856 1689 1891 Romae
1709 1857 1750 1891 de
1762 1867 1866 1891 manu
1880 1859 1999 1892 nostra

461 1906 615 1949 potestas
628 1904 917 1938 fueritexcussa.“
943 1903 1027 1937 Was
1052 1903 1123 1937 die
1147 1905 1268 1937 erste
1293 1903 1370 1937 der
1384 1902 1671 1948 papstlichen
1686 1902 1998 1947 Forderungen

462 1950 606 1993 betrifft,
639 1961 676 1984 so
708 1950 786 1984 sind
809 1950 875 1984 mit
899 1950 964 1983 den
988 1949 1101 1983 nuntii
1127 1948 1457 1994 ausserordentliche
1480 1949 1657 1983 Vertre‘oer
1686 1948 1747 1983 der
1776 1949 2001 1984 kaiserlichen

462 1995 596 2031 Gewalt
619 1996 708 2030 nach
733 1996 823 2030 allen
846 1996 1066 2039 Richtungen
1097 1995 1157 2030 hin
1188 1996 1348 2039 gemeint.
1396 1988 1489 2029 Uber
1519 1995 1594 2029 ihre
1617 1994 1857 2030 richterlichen
1877 1995 2002 2040 Befug-

458 2042 549 2076 nisse
573 2043 640 2086 vgl.
666 2042 749 2076 Vita
771 2042 943 2076 Ludowici
967 2042 1022 2076 Pii
1046 2053 1074 2077 c.
1101 2045 1161 2084 383
1195 2042 1241 2077 M.
1261 2041 1301 2076 G.
1319 2041 1352 2076 S.
1371 2040 1404 2076 S.
1429 2041 1475 2084 H,
1501 2044 1586 2076 628:
1612 2040 1698 2076 Cum
1721 2041 1931 2086 (lotharius)
1957 2041 1999 2076 de

459 2089 514 2123 his
539 2100 626 2134 quae
652 2090 866 2122 accesserant
890 2090 1097 2133 quereretur,
1123 2099 1228 2133 quare
1253 2088 1385 2122 scilicet
1407 2087 1455 2130 hi,
1489 2088 1547 2132 qui
1577 2087 1775 2132 imperatori
1799 2087 1932 2132 sibique
1963 2089 2000 2122 et

460 2134 602 2169 Francis
633 2135 751 2169 fideles
784 2135 922 2168 fuerant
956 2134 1031 2178 (der
1066 2134 1259 2179 papstliche
1288 2133 1507 2168 Primicerius
1539 2133 1732 2168 Theodoros
1770 2134 1842 2168 und
1877 2133 1998 2168 dessen

458 2180 751 2225 Schwiegersohn,
783 2181 843 2214 der
874 2180 1122 2215 Nomenklator
1154 2180 1246 2224 Leo),
1272 2208 1280 2215 .
1296 2207 1326 2215 ..
1359 2180 1525 2225 perempti
1557 2179 1686 2214 fuerint
1722 2181 1758 2214 et
1789 2180 1847 2224 qui
1882 2190 1998 2225 super-

457 2227 619 2270 viverent,
655 2227 804 2261 ludibrio
833 2254 840 2261 .
865 2253 873 2261 .
897 2254 904 2262 .
937 2227 1155 2269 haberentur,
1193 2237 1298 2271 quare
1336 2226 1441 2260 etiam
1477 2227 1597 2260 tantae
1634 2226 1803 2270 querellae
1836 2225 1998 2260 adversus

456 2273 686 2307 Romanorum
718 2273 896 2318 pontifices
933 2273 1130 2318 iudicesque
1167 2274 1337 2315 sonarent,
1371 2273 1543 2316 repertum
1568 2273 1631 2315 est,
1662 2271 1752 2316 quod
1785 2271 1997 2317 quorundam

457 2319 657 2364 pontificum
681 2319 733 2353 vel
746 2319 942 2363 ignorantia
965 2319 1018 2352 vel
1044 2319 1186 2362 desidia,
1213 2319 1272 2353 sed
1297 2321 1332 2353 et
1344 2318 1495 2352 iudicum
1514 2346 1521 2353 .
1539 2345 1547 2352 .
1564 2346 1572 2353 .
1597 2317 1792 2362 inexplebili
1808 2317 1997 2363 cupiditate

456 2366 642 2400 multorum
668 2365 809 2410 praedia
832 2365 960 2399 iniuste
983 2365 1111 2399 fuerint
1135 2364 1329 2399 confiscata.
1380 2364 1527 2408 Ideoque
1551 2363 1735 2407 reddendo,
1760 2375 1846 2409 quae
1869 2364 1997 2398 iniuste

458 2412 577 2446 ablata
601 2414 711 2454 erant,
736 2411 942 2445 Hlotharius
967 2422 1129 2455 magnam
1153 2411 1278 2456 populo
1294 2411 1448 2445 Romano
1465 2410 1594 2444 creavit
1609 2410 1789 2444 laetitiam.
1819 2410 1996 2444 Statutum

456 2458 561 2492 etiam
595 2458 720 2492 iuxta
752 2458 991 2502 antiquum
1015 2468 1190 2500 morem,
1223 2459 1264 2491 ut
1287 2468 1337 2491 ex
1360 2457 1511 2491 latere
1537 2455 1826 2501 imperatoris
1850 2456 1997 2491 mitte-

456 2507 633 2547 rentur,
681 2504 758 2549 qui
806 2503 1101 2537 iudiciariam
1141 2504 1407 2538 exercentes
1448 2503 1730 2547 potestatem
1768 2501 1996 2556 iusticiam

456 2561 670 2631 3353235010
678 2550 754 2630 32¹4?
771 2577 833 2638 (ni
850 2560 907 2630 35³
946 2548 1656 2640 tssrssatssgaz?33d53513u5·211{{1”l11¹35
1679 2548 1823 2637 533?
1831 2548 1996 2637 {532¹}ssss

454 2642 843 2677 Bohmer-Miihlbacher
876 2653 928 2676 nr.
964 2642 1045 2686 988)
1077 2653 1105 2676 c.
1141 2645 1186 2676 4:
1222 2641 1398 2683 Volumus,
1435 2643 1476 2674 ut
1507 2641 1636 2675 missi
1668 2640 1923 2675 constituantur
1953 2639 1996 2675 de

454 2691 552 2734 parte
578 2689 612 2724 d.
637 2688 815 2733 apostolici
840 2690 875 2722 et
898 2690 1028 2730 nostra,
1055 2688 1113 2732 qui
1138 2687 1317 2722 annuatim
1339 2687 1439 2722 nobis
1463 2687 1660 2721 renuntiare
1675 2687 1822 2729 valeant,
1847 2686 1996 2731 qualiter

455 2735 583 2779 singuli
608 2735 710 2769 duces
742 2736 777 2768 et
810 2734 939 2768 iudices
978 2734 1148 2768 iustitiam
1180 2734 1310 2768 faciant
1341 2733 1465 2779 populo
1490 2734 1526 2767 et
1549 2732 1715 2778 quomodo
1738 2734 1893 2767 nostram
1917 2743 1994 2767 con-

453 2782 670 2815 stitutionem
708 2781 896 2815 observent.
959 2779 1025 2821 Qui
1061 2780 1158 2814 missi
1191 2807 1198 2815 .
1213 2808 1221 2815 .
1237 2807 1245 2815 .
1270 2780 1417 2824 primum
1455 2781 1594 2814 cunctos
1630 2779 1803 2821 clamores,
1840 2778 1899 2823 qui
1934 2789 1996 2824 per

453 2827 699 2871 negligentiam
734 2827 858 2861 ducum
892 2828 954 2860 aut
984 2826 1136 2860 iudicum
1168 2826 1296 2860 fuerint
1328 2826 1469 2867 inventi,
1503 2826 1548 2859 ad
1571 2825 1731 2859 notitiam
1757 2824 1789 2859 d.
1815 2824 1994 2870 apostolici

454 2874 610 2908 deferant
633 2875 668 2907 et
691 2873 764 2918 ipse
788 2883 894 2907 unum
919 2884 937 2906 e
962 2872 1093 2906 (luobus
1117 2873 1265 2916 eligant:
1291 2874 1352 2906 aut
1376 2872 1494 2906 statim
1519 2883 1580 2917 per
1603 2871 1737 2906 eosdem
1760 2870 1884 2906 missos
1907 2870 1995 2905 fiant

453 2920 547 2965 ipsae
571 2920 794 2955 necessitates
827 2919 1028 2954 emendatae
1061 2920 1132 2962 aut,
1169 2919 1198 2952 si
1235 2929 1313 2961 non,
1350 2929 1425 2964 per
1459 2919 1659 2952 nostrum
1695 2916 1871 2951 missum
1905 2916 1994 2951 fiat
