2098 3432
464 303 543 342 198

458 413 627 453 verbum
645 413 828 454 iusticiae
848 414 1102 467 imperatoris
1123 415 1285 456 omnino
1301 417 1503 469 prevaluit
1523 417 1634 466 adeo,
1654 419 1700 459 ut
1719 431 1858 460 omnes
1878 419 1992 460 habi-

458 470 608 509 tatores
647 470 778 509 terrae
817 469 927 510 illius
965 483 1037 523 per
1065 471 1378 524 predicationem
1406 473 1516 513 illius
1547 485 1571 513 a
1606 486 1671 514 1110
1702 475 1889 527 perversi,
1920 477 1992 517 aut

457 537 564 565 nunc
594 524 645 565 ad
674 537 747 565 nos
778 526 944 577 quidam
973 527 1152 568 conversi
1183 527 1265 568 sint
1295 529 1367 568 aut
1399 528 1522 569 etiam
1543 529 1709 581 quidam
1729 532 1840 571 stent
1868 531 1991 581 dubii,

456 592 594 621 omnes
626 582 763 621 autem
794 581 842 622 de
862 582 1168 635 precipitacione
1200 583 1486 637 archiepiscopi
1517 584 1567 624 ad
1587 585 1834 627 Rollandum
1861 586 1992 640 indig-

458 637 604 676 nentur
642 636 793 689 pariter
828 639 868 678 et
897 638 1070 678 doleant.
1128 639 1241 679 Dixit
1270 641 1408 680 autem
1438 639 1528 689 ille,
1569 653 1611 681 se
1641 641 1813 682 libenter
1841 642 1990 684 servire

456 692 633 745 imperio,
655 692 726 733 sed
744 692 786 733 in
808 693 1102 746 expeditionem
1131 695 1188 735 ire
1207 707 1288 736 non
1308 708 1426 748 posse
1445 695 1615 748 ideoque
1634 697 1806 750 pecunia
1826 710 1869 739 se
1888 699 1990 740 velle

455 748 662 788 redimere.
722 748 939 802 Missisque
975 762 1097 803 super
1131 751 1206 791 hoc
1239 751 1403 800 nuntiis,
1434 752 1619 793 venimus
1649 753 1699 793 ad
1728 753 1893 804 curiam,
1921 755 1991 795 ubi

455 804 504 844 ab
534 803 775 856 imperatore
795 805 1096 857 aliquantulum
1111 807 1264 859 prescio
1294 819 1366 860 per
1394 807 1633 849 fidelitatem
1662 808 1798 850 iussus
1819 821 1912 851 sum
1932 810 1992 850 (11-

455 872 553 908 cere,
575 860 765 912 quicquid
787 861 952 902 dixisset
971 861 1038 902 ille
1055 862 1387 916 archiepiscopus,
1409 863 1570 916 dixique
1586 864 1722 906 omnia
1736 866 1990 918 presentibus

455 916 495 956 et
531 928 612 956 non
651 917 1016 958 contradicentibus
1056 920 1143 958 tam
1171 919 1325 959 nuntiis
1354 919 1498 959 iisdem
1529 931 1654 972 quam
1683 921 1816 962 curiae
1844 921 1990 975 princi-

454 971 588 1024 pibus,
627 973 844 1025 motusque
884 975 946 1014 est
981 973 1201 1027 imperator
1237 974 1288 1015 ad
1325 974 1656 1027 indignationem.
1714 976 1820 1018 Cum
1855 977 1991 1019 nuntii

452 1027 646 1080 pecuniae
684 1028 1004 1082 redemptionem
1043 1029 1254 1079 offerrent,
1293 1043 1365 1083 per
1394 1031 1607 1072 consilium
1634 1032 1888 1074 remandavit
1914 1033 1991 1074 im-

452 1085 635 1136 perator,
676 1096 756 1125 non
787 1097 874 1126 esse
904 1086 1207 1127 consuetudinis
1247 1099 1344 1127 suae
1374 1087 1589 1140 pecuniam
1618 1088 1860 1141 cuiusquam
1889 1089 1990 1131 acci-

452 1151 546 1192 pere
568 1142 608 1180 et
627 1142 720 1193 post
740 1143 880 1182 contra
900 1141 1017 1182 illum
1037 1142 1140 1182 iram
1160 1142 1202 1182 in
1232 1142 1350 1183 corde
1378 1143 1574 1191 retinere:
1608 1143 1762 1194 adiecit,
1792 1144 1990 1186 offensum

453 1207 539 1236 esse
569 1195 795 1249 imperium,
827 1197 907 1246 sed,
938 1198 972 1238 si
1002 1199 1123 1239 vellet
1152 1198 1229 1247 ille,
1260 1199 1414 1240 veniret
1444 1200 1485 1240 et
1515 1199 1787 1246 satisfaceret;
1817 1202 1926 1251 tunc,
1955 1202 1990 1242 si

451 1252 823 1305 patereturimperii
835 1253 971 1302 honor,
995 1256 1036 1294 et
1050 1254 1135 1307 ipse
1150 1254 1369 1307 imperator
1388 1255 1599 1296 servitium
1616 1255 1726 1297 illius
1735 1257 1988 1311 reciperet.*)

562 1307 622 1348 De
653 1310 784 1349 cetero
807 1308 1031 1361 Sigefridus
1051 1310 1282 1363 prepositus
1302 1310 1670 1353 Patherburnensis
1699 1311 1742 1353 in
1761 1313 1988 1366 Ungariam

450 1363 680 1415 delegatus,
722 1365 770 1404 ut
799 1365 974 1406 breviter
1003 1365 1145 1415 dicam,
1175 1379 1256 1407 non
1285 1367 1385 1407 bene
1417 1369 1630 1420 susceptus
1661 1369 1740 1418 est,
1777 1381 1859 1410 non
1887 1369 1988 1411 bene

451 1419 641 1460 dimissus
673 1422 745 1461 est.
796 1421 903 1461 Nam
934 1434 1027 1462 cum
1056 1422 1301 1474 legationem
1330 1423 1498 1463 haberet
1527 1423 1576 1464 de
1605 1424 1766 1477 negotio
1797 1425 1988 1467 ecclesiae

452 1475 562 1516 etde
591 1476 675 1516 filia
703 1476 812 1517 illius
842 1477 947 1529 regis
977 1477 1058 1518 filio
1088 1478 1304 1530 lantgravii
1333 1478 1376 1518 in
1405 1479 1662 1521 matrimonio
1692 1481 1919 1533 copulanda
1948 1483 1989 1523 et

450 1531 499 1572 de
539 1532 843 1584 sagittariorum
883 1534 1029 1574 auxilio
1068 1534 1230 1575 domino
1268 1534 1501 1588 imperatori
1537 1547 1626 1576 meo
1662 1536 1988 1587 transmit-tendo,

451 1600 524 1628 nec
544 1587 712 1640 perfecit
731 1601 806 1630 nec
834 1590 1023 1642 perficere
1045 1590 1182 1638 voluit,
1214 1590 1310 1642 quia
1339 1590 1479 1631 statim
1508 1591 1733 1644 nequitiam
1761 1592 1870 1634 illius
1899 1606 1989 1647 per-

450 1644 587 1684 sensit.
646 1644 766 1685 Nunc
806 1648 943 1686 autem
971 1658 1064 1686 cum
1093 1646 1372 1688 incolumitate
1401 1659 1473 1700 per
1503 1647 1678 1700 gratiam
1707 1647 1772 1689 dei
1799 1660 1985 1691 reversus

450 1699 501 1740 ad
541 1700 695 1740 curiam
733 1713 827 1741 cum
858 1702 993 1742 omnia
1022 1705 1270 1752 enarrasset,
1310 1703 1485 1744 breviter
1514 1705 1555 1744 et
1583 1704 1749 1757 pulchre
1778 1706 1988 1758 respondit

449 1755 689 1809 imperator:
708 1756 878 1807 ,Grates‚
899 1758 1042 1810 inquit,
1064 1771 1138 1811 ago
1159 1758 1243 1807 dec,
1265 1759 1372 1811 quod
1392 1759 1564 1800 honesta
1584 1759 1789 1802 occasione
1810 1761 1987 1803 amicum

450 1812 572 1864 perdo
603 1811 867 1854 vilissimum.‘
924 1814 1012 1855 Hoc
1042 1814 1108 1864 ait,
1140 1814 1370 1867 significans
1399 1815 1587 1868 regulum
1614 1815 1826 1866 istum.**)

562 1868 749 1909 Notum
771 1869 838 1910 sit
857 1872 1100 1923 preterea
1120 1871 1507 1921 universaliter,
1530 1872 1767 1924 quoniam
1799 1873 1985 1916 timore

564 1980 597 2023 *)
621 1981 693 2014 Das
717 1981 1054 2015 Antwortschreiben
1079 1981 1273 2016 Friedrichs
1298 1993 1342 2016 an
1367 1983 1431 2016 den
1453 1983 1655 2017 Erzbischof
1675 1983 1723 2018 ist
1746 1984 1910 2019 ebenfalls
1936 1997 1987 2020 er-

450 2027 568 2060 halten
599 2027 658 2070 (M.
687 2026 727 2062 G.
753 2027 842 2070 legg.
867 2027 914 2069 H,
946 2031 1021 2070 131,
1059 2028 1198 2073 Stumpf
1218 2040 1267 2063 nr.
1294 2029 1420 2071 3924);
1464 2029 1563 2063 datin
1595 2029 1725 2064 erklart
1765 2030 1824 2065 (101·
1847 2031 1984 2067 Kaiser:

459 2072 569 2114 „Sane
601 2084 677 2106 cum
710 2073 892 2116 legationis
925 2075 1005 2107 tuae
1038 2075 1179 2108 nuntius
1211 2075 1255 2108 ad
1280 2086 1341 2109 nos
1374 2075 1522 2109 venisset
1554 2077 1590 2109 et
1618 2076 1795 2110 servitium
1823 2078 1986 2122 pecuniae

449 2121 528 2152 tuae
559 2130 619 2163 pro
649 2119 880 2163 redemptione
913 2120 1138 2164 expeditionis
1170 2121 1267 2155 nobis
1299 2121 1500 2164 obtulisset,
1537 2133 1598 2155 nos
1630 2123 1877 2158 communicato
1908 2135 1985 2158 cum

449 2165 659 2210 principibus
683 2165 810 2199 nostris
835 2166 975 2199 consilio
999 2167 1178 2210 pecuniam
1194 2169 1289 2201 tuam
1307 2179 1383 2201 cum
1408 2167 1533 2202 honore
1549 2178 1616 2202 non
1632 2169 1806 2213 potuimus
1823 2170 1984 2215 accipere,

448 2211 555 2256 quia
599 2214 780 2245 nostrae
829 2212 1169 2246 consuetudinis
1204 2225 1289 2247 non
1325 2216 1392 2248 est
1429 2213 1625 2248 alicuius
1660 2215 1891 2259 pecuniam
1925 2228 1985 2251 ae-

449 2257 593 2302 cipere
618 2257 831 2291 etodium
856 2258 897 2291 in
922 2260 1065 2292 mente
1090 2261 1249 2293 contra
1273 2271 1360 2293 01101
1385 2260 1591 2295 retinere.
1633 2260 1719 2295 Cum
1744 2263 1869 2304 autem,
1894 2262 1987 2297 sicut

450 2304 547 2337 decet
578 2303 786 2348 imperialem
818 2304 1063 2347 excellentiam,
1099 2305 1197 2339 nobis
1230 2317 1408 2350 personam
1442 2308 1537 2340 tuam
1569 2306 1778 2350 exhibueris,
1808 2309 1892 2342 tunc
1922 2320 1984 2343 nos

449 2349 559 2393 magis
584 2349 625 2383 (10
660 2352 719 2383 tuo
756 2350 902 2384 adventu
937 2351 1086 2394 gaudere
1115 2352 1301 2396 poterimus
1327 2354 1362 2386 et
1386 2353 1427 2386 de
1451 2352 1597 2386 instanti
1621 2353 1825 2388 necessitate
1848 2353 1982 2400 imperii

449 2398 484 2430 et
508 2395 669 2429 ecclesiae
694 2398 805 2429 tecum
830 2398 865 2430 et
888 2397 1032 2430 caeteris
1055 2397 1188 2442 imperii
1213 2398 1424 2443 principibus
1450 2400 1509 2432 tuo
1535 2399 1674 2433 consilio
1700 2399 1870 2434 salubrius
1894 2402 1983 2435 trae-

450 2444 524 2476 tare
548 2442 735 2486 poterimus
759 2443 795 2476 et
818 2442 1007 2477 ordinare.“

563 2487 615 2530 **)
664 2488 778 2531 Konig
825 2488 928 2523 Geisa
965 2499 1026 2522 von
1062 2489 1227 2533 Ungarn,
1277 2490 1336 2523 der
1373 2490 1445 2523 sich
1482 2491 1626 2535 anfaugs
1663 2491 1718 2524 fiir
1753 2491 1876 2526 Viktor
1910 2495 1983 2528 ent—

450 2534 610 2567 schieden
647 2534 753 2578 (siehe
779 2534 832 2568 (110
858 2534 1132 2569 Untersohriften
1171 2536 1229 2570 der
1253 2536 1410 2580 Epistola
1434 2535 1610 2578 Concilii),
1648 2538 1763 2581 spater
1788 2538 1869 2572 aber
1892 2540 1981 2573 nach

450 2580 526 2613 dem
558 2580 737 2623 Vorgange
770 2580 995 2614 Frankreichs
1029 2581 1102 2615 sich
1134 2582 1188 2615 fur
1217 2582 1409 2616 Alexander
1439 2583 1568 2616 erklart
1599 2583 1714 2625 hatte,
1745 2594 1815 2618 war
1838 2584 1886 2618 im
1910 2585 1981 2619 Mai

453 2629 535 2660 1161
565 2627 756 2669 gestorben.
797 2626 874 2660 Ihm
898 2627 1003 2670 folgte
1020 2627 1199 2670 Ladislaw,
1226 2628 1285 2662 der
1300 2629 1444 2671 anfangs
1470 2628 1524 2662 die
1541 2629 1805 2673 Verbindungen
1821 2629 1982 2674 Ungarns

451 2672 514 2705 mit
545 2672 782 2706 Deutschland
815 2673 938 2706 wieder
968 2674 1211 2708 aufzunehmen
1245 2674 1371 2709 0011100.
1419 2674 1483 2708 Die
1516 2674 1662 2709 Tochter
1684 2675 1890 2719 Ladislaws‚
1923 2689 1981 2711 um

449 2718 573 2752 welche
598 2719 652 2751 fiir
677 2718 742 2752 den
767 2718 859 2752 Sohn
884 2719 1182 2763 des-Landgrafen
1206 2732 1270 2754 von
1286 2720 1484 2763 Thiiringen
1508 2722 1686 2764 geworben
1710 2721 1844 2756 werden
1868 2723 1980 2767 sollte,

449 2765 496 2797 ist
519 2764 607 2797 nach
625 2764 847 2798 Giesebrecht
870 2765 1151 2799 wahrscheinlich
1173 2766 1251 2809 jene
1268 2766 1389 2808 Maria,
1417 2766 1540 2800 welche
1565 2767 1625 2800 der
1639 2767 1847 2812 Naohfolger
1861 2769 1980 2803 Ladis-

448 2810 549 2852 laws,
582 2810 734 2855 Stephan
758 2811 834 2853 IH.,
864 2822 908 2844 an
940 2811 1123 2855 Nikolaus,
1158 2812 1222 2846 den
1247 2812 1338 2846 Sohn
1370 2813 1428 2846 des
1453 2813 1572 2856 Dogen
1595 2813 1743 2847 Michael
1768 2813 1882 2849 Vitale
1915 2827 1978 2850 von

449 2856 614 2899 Vcnedig,
641 2856 687 2890 im
703 2856 735 2891 J.
758 2860 842 2892 1167
860 2857 1055 2892 vermahlte.
