2098 3432
25 0 46 47 ἶ

1654 272 1738 315 299

276 387 315 428 3.
346 384 465 438 Quod
497 385 532 427 si
563 386 710 440 aliquis
740 386 784 428 in
815 385 970 428 ducatu
1002 387 1175 429 alicuius
1204 386 1443 428 incendium
1465 386 1620 437 fecerit,
1650 387 1737 441 ipse

161 444 245 486 dux
273 443 551 499 proscriptum
581 446 771 485 nostrum
801 456 898 485 eum
927 443 1170 498 pronuntiet
1200 457 1247 486 ac
1267 443 1414 486 deinde
1434 444 1617 485 iustitiae
1639 456 1738 486 suae

162 501 408 544 auctoritate
439 513 535 542 eum
567 500 805 554 proscribat.
859 501 1048 556 Idipsum
1078 501 1234 543 faciant
1264 501 1535 551 marchiones,
1565 501 1739 556 palatini

163 559 345 608 comites,
373 557 603 610 landgravii
635 559 678 599 et
707 558 878 600 comites
909 558 989 609 alii,
1023 571 1100 600 nec
1131 559 1252 600 alicui
1285 571 1427 601 eorum
1457 558 1581 600 liceat
1610 559 1738 600 talem

164 615 387 666 absolvere,
415 614 496 656 nisi
527 615 691 657 domino
721 615 1014 670 imperatori.*)

275 675 315 714 4.
345 671 591 725 Quicunque
623 673 748 714 etiam
779 672 1079 714 incendiarium
1108 673 1151 714 in
1182 673 1302 715 domo
1333 685 1410 714 sua
1431 673 1607 714 scienter
1628 686 1741 715 rece-

161 730 307 786 perit⁸)
338 732 380 772 et
411 729 631 771 consilium
661 730 912 772 auxiliumve
954 730 991 772 ei
1029 730 1288 784 impenderit,
1329 730 1559 784 dampnum
1599 732 1640 772 et
1678 730 1740 771 in-

146 787 312 830 iuriam
340 799 464 842 passo
494 799 568 841 pro
598 786 797 829 facultate
829 799 905 829 sua
933 787 1155 835 restituat;
1186 787 1312 829 iudici
1331 800 1427 829 vero
1449 787 1591 828 decem
1612 787 1736 829 libras

161 847 352 888 monetae
383 844 433 886 de
463 844 535 886 illa
565 844 734 894 diocesi,
779 845 821 886 in
868 857 951 898 qua
994 844 1265 886 commissum
1312 846 1395 895 est,
1438 845 1648 898 persolvat
1693 857 1740 886 ac

162 902 328 945 domino
358 901 596 956 imperatori
626 915 700 956 pro
732 902 946 944 voluntate
979 903 1021 943 et
1052 902 1186 956 gratia
1216 914 1293 943 sua
1323 903 1552 956 componat.

277 960 316 1000 5.
347 958 392 1001 Si
422 958 516 1012 quis
547 960 690 1000 autem
720 972 845 1014 super
874 959 952 1001 hac
981 959 1104 1014 culpa
1133 959 1411 1001 innocentiam
1452 972 1572 1000 suam
1603 960 1740 1001 osten-

161 1016 258 1059 dere
286 1015 474 1066 voluerit,
505 1029 603 1058 cum
633 1016 794 1058 duobus
824 1017 922 1059 viris
954 1017 1168 1058 veracibus
1199 1016 1241 1057 in
1271 1016 1506 1071 praesentia
1525 1016 1673 1058 iudicis
1695 1029 1739 1058 se

163 1075 373 1129 expurget.

277 1132 316 1173 6.
348 1130 392 1173 Si
433 1131 526 1185 quis
568 1132 711 1172 autem
750 1130 947 1184 cuiquam
985 1131 1249 1186 imposuerit,
1289 1130 1398 1183 quod
1441 1130 1740 1172 incendiarium

161 1187 373 1244 receperit,
403 1190 445 1230 et
475 1188 525 1230 de
557 1188 634 1230 hoc
663 1188 801 1243 ipsum
831 1189 872 1230 in
904 1189 993 1230 iure
1022 1188 1200 1230 voluerit
1229 1187 1457 1238 convenire,
1487 1188 1565 1229 hoc
1584 1200 1741 1241 nequa-

166 1258 294 1300 quam
323 1246 361 1288 ei
390 1245 527 1296 liceat,
557 1246 638 1288 nisi
667 1246 867 1300 praestito
898 1246 1031 1300 primo
1062 1245 1322 1300 calumpniae
1354 1247 1625 1286 sacramento.

277 1305 315 1346 7.
344 1302 549 1346 Dominus
580 1303 707 1345 etiam
738 1305 962 1358 imperator
990 1303 1314 1358 proscriptorum
1353 1303 1563 1344 neminem
1595 1315 1619 1343 a
1649 1315 1736 1343 sen·

161 1361 296 1403 tentia
324 1361 633 1416 proscriptionis
665 1361 866 1407 absolvat,
895 1361 977 1402 nisi
1008 1361 1058 1402 de
1079 1361 1206 1402 illatis
1218 1361 1246 1394 ι))
1278 1360 1410 1414 primo
1432 1359 1623 1413 dampnis
1645 1372 1740 1402 cum

160 1418 355 1460 iniuriato
385 1420 606 1473 componat
636 1420 678 1460 et
707 1418 789 1460 nisi
819 1418 1102 1460 consentiente
1133 1417 1267 1459 iudice
1298 1417 1375 1459 hoc
1405 1416 1613 1471 faciat.**)

279 1476 317 1517 8.
346 1475 633 1530 Proscriptum
676 1488 783 1525 vero,
830 1489 956 1530 quem
1000 1489 1074 1530 pro
1118 1474 1306 1517 incendio
1353 1475 1604 1516 sententiam
1649 1487 1741 1529 pro—

163 1532 394 1588 scriptionis
415 1533 636 1575 incurrisse
653 1534 844 1575 omnibus
860 1533 1068 1576 notorium
1090 1532 1224 1582 fuerit,
1247 1532 1490 1574 diocesanus
1513 1532 1739 1586 episcopus,

162 1590 198 1632 si
228 1589 280 1632 ad
311 1589 636 1632 satisfactionem
674 1590 914 1633 inobediens
955 1591 1155 1640 extiterit,
1187 1603 1210 1631 a
1251 1589 1539 1631 communione
1571 1589 1739 1630 ecclesie

162 1647 242 1690 Dei
279 1649 322 1690 et
359 1647 546 1690 fidelium
585 1648 739 1691 Christi
790 1648 940 1690 abiciat
984 1652 1026 1690 et
1066 1650 1309 1690 extraneum
1348 1646 1495 1688 reddat
1531 1659 1606 1688 nec
1643 1659 1741 1688 eum

163 1705 368 1756 absolvat,
408 1705 679 1759 quoadusque
717 1706 828 1748 laeso
867 1705 1096 1760 dampnum
1136 1705 1353 1751 restituat;
1395 1706 1438 1746 et
1475 1716 1496 1746 e
1535 1716 1740 1752 converso,

163 1774 290 1817 quem
331 1762 546 1818 episcopus
584 1763 781 1817 legitimis
818 1763 994 1805 induciis
1036 1763 1210 1804 citatum
1250 1761 1410 1803 iustitia
1450 1761 1633 1803 dictante
1673 1774 1740 1802 ex-

164 1820 534 1863 communicaverit
564 1822 606 1862 et
634 1821 712 1863 hoc
743 1820 868 1862 iudici
898 1820 1180 1870 insinuaverit,
1211 1819 1334 1860 iudex
1365 1832 1460 1860 eum
1493 1819 1627 1860 banno
1648 1831 1740 1872 pro-

164 1877 396 1932 scriptionis
427 1877 701 1933 condempnet
730 1891 806 1920 nec
836 1878 951 1932 prius
982 1891 1079 1920 eum
1110 1878 1307 1926 absolvat,
1339 1889 1466 1929 quam
1497 1888 1634 1918 coram
1655 1877 1740 1930 epi-

164 1947 285 1990 scopo
315 1934 366 1977 de
395 1935 473 1986 his,
504 1949 577 1990 pro
609 1936 760 1990 quibus
791 1936 1120 1990 condempnatus
1153 1937 1226 1984 est,
1258 1933 1497 1976 satisfaciat.

277 1993 316 2034 9.
347 1991 468 2044 Quod
499 1993 533 2035 si
563 2006 588 2035 a
616 1993 912 2048 proscriptione
949 1993 1022 2035 illa
1059 1992 1266 2047 praedicto
1305 1991 1426 2033 modo
1465 1990 1590 2032 fuerit
1623 1991 1743 2032 abso-

162 2049 280 2095 lutus
300 2052 343 2092 et
362 2050 550 2105 episcopo
571 2064 646 2093 suo
667 2051 843 2093 voluerit
873 2050 1048 2101 obedire,
1079 2049 1316 2092 incendium
1346 2049 1529 2103 primum
1551 2048 1738 2096 abiuret;

163 2106 310 2150 deinde
331 2106 388 2149 sit
406 2106 450 2148 in
472 2108 639 2151 arbitrio
661 2108 850 2163 episcopi,
882 2109 1047 2162 qualem
1071 2108 1107 2149 ei
1132 2119 1284 2162 penam
1314 2106 1515 2159 iniungat,
1547 2105 1740 2147 visitandi

162 2163 352 2207 videlicet
381 2165 649 2219 sepulchrum
679 2166 846 2208 Domini
878 2167 951 2207 ant
980 2166 1125 2207 limina
1155 2164 1292 2206 Iacobi
1323 2163 1511 2218 apostoli.

281 2222 346 2264 10.
379 2221 424 2264 Si
454 2225 596 2265 autem
626 2224 880 2278 proscriptus
913 2236 970 2274 eo,
1003 2236 1084 2277 quo
1106 2222 1264 2263 dictum
1286 2222 1360 2271 est,
1391 2220 1512 2262 modo
1535 2219 1741 2261 desidera-

162 2279 269 2322 verit
306 2279 482 2331 absolvi,
521 2281 687 2323 domino
718 2281 957 2335 imperatori
987 2281 1090 2322 fines
1122 2279 1284 2334 imperii
1314 2278 1379 2320 sui
1410 2290 1482 2332 per
1513 2290 1668 2319 annum
1700 2280 1742 2319 et

163 2335 276 2378 diem
306 2337 480 2379 abiuret.

280 2395 330 2436 11
380 2393 425 2436 Si
455 2394 549 2448 quis
579 2397 722 2437 autem
743 2408 767 2436 a
787 2395 1085 2450 proscriptione
1109 2396 1150 2436 et
1171 2392 1594 2436 excommunicatione
1617 2392 1739 2433 simul

163 2450 270 2493 infra
290 2463 447 2493 annum
467 2454 510 2494 et
529 2451 639 2494 diem
669 2466 751 2495 non
781 2453 907 2494 fuerit
937 2453 1162 2502 absolutus,
1193 2451 1386 2493 universo
1415 2451 1504 2492 iure
1527 2451 1568 2491 et
1588 2450 1740 2491 honore

163 2509 206 2550 et
226 2508 440 2562 legalitate
461 2523 538 2552 sua
557 2509 743 2565 privatus
764 2510 978 2560 habeatur,
1009 2511 1069 2551 ita
1089 2512 1137 2550 ut
1157 2509 1199 2550 in
1229 2508 1397 2550 ferendo
1418 2507 1655 2549 testimonio
1677 2507 1740 2548 vel

163 2565 215 2607 ad
245 2565 503 2608 causandum
533 2567 583 2608 de
614 2570 749 2609 cetero
781 2580 1049 2621 nequaquam
1080 2567 1134 2608 sit
1165 2565 1459 2615 admittendus.
1492 2563 1617 2606 Omni
1640 2577 1740 2617 quo-

164 2635 245 2678 que
275 2622 424 2666 feodali
454 2625 544 2667 iure
573 2626 772 2680 perpetuo
804 2625 970 2667 carebit.

282 2681 345 2722 12.
376 2680 483 2723 Item
513 2683 547 2724 si
579 2683 620 2723 in
651 2683 759 2724 reisa
789 2682 962 2724 alicuius
993 2682 1148 2724 domini
1179 2693 1273 2722 cum
1305 2681 1392 2734 ipso
1424 2679 1599 2724 domino.
1621 2679 1740 2720 cuius

259 2769 316 2841 —a)
341 2796 399 2831 M:
424 2770 559 2841 recipit.
610 2796 646 2838 b)
672 2795 722 2831 V:
749 2796 911 2831 illxzetis.
961 2795 998 2830 M
1021 2807 1057 2840 nu.
1085 2795 1135 2829 U:
1162 2794 1308 2830 illicitis.

283 2843 316 2887 *)
341 2842 421 2888 vgl.
448 2843 756 2878 Provincialfriede
781 2843 837 2877 fiir
861 2842 1127 2878 Rheinfranken
1154 2842 1233 2877 Art.
1264 2842 1325 2876 14!

260 2890 313 2935 **)
338 2889 419 2935 vgl.
447 2890 753 2925 Provinzialfriede
778 2891 834 2924 fiir
858 2889 1124 2925 Rheinfranken
1151 2889 1230 2924 Art.
1262 2890 1322 2923 17!
