2098 3432
409 272 461 312 70

406 383 510 423 sales
547 383 762 424 honoratos
801 385 1093 433 convenerunt,
1131 385 1172 424 et
1210 385 1361 437 absque
1400 386 1522 426 ullius
1561 398 1696 427 morae
1732 386 1940 429 interiecto

405 438 538 492 spacio
578 439 719 480 eadem
748 439 811 480 die
841 453 934 480 cum
963 440 1117 492 ingenti
1147 440 1339 481 divinitus
1370 441 1464 482 data
1492 442 1700 483 concordia
1727 442 1807 496 ipsi
1834 443 1944 496 prin-

405 494 512 547 cipes
551 496 591 535 et
629 495 776 535 caeteri
815 509 999 548 proceres
1039 509 1131 537 cum
1171 496 1296 537 totius
1334 497 1471 550 populi
1500 497 1633 538 favore
1664 500 1704 539 et
1734 498 1940 540 alacritate

403 563 476 592 nos
504 551 547 590 in
576 551 689 603 regni
718 551 927 604 fastigium
958 553 1177 604 elegerunt.
1236 551 1387 602 Quinta
1415 554 1674 606 postmodum
1703 554 1778 604 die,
1805 554 1846 595 id
1878 556 1941 596 est

404 608 611 648 transacta
639 607 817 660 proxime
846 607 1048 649 mediante
1079 608 1442 662 quadragesima‚*)
1478 610 1566 662 pari
1595 611 1636 650 et
1673 609 1813 651 eodem
1847 622 1940 652 con-

405 675 526 703 sensu
547 675 640 703 cum
669 663 852 705 benivola
880 664 1017 717 populi
1048 664 1332 705 acclamatione
1359 665 1402 705 in
1431 665 1574 719 oppido
1595 665 1840 718 Aquisgrani
1867 679 1941 708 nos

405 731 477 771 per
515 718 808 760 sacratissimas
848 720 979 761 devoti
1015 721 1087 760 filii
1126 720 1248 760 vestri
1277 721 1477 775 A(rnoldi)
1509 721 1755 762 Coloniensis
1791 724 1941 764 metro·-

402 774 571 827 politani
608 777 649 816 et
678 776 968 816 venerabilium
1006 777 1284 829 episcoporum
1322 789 1467 818 manus
1498 778 1584 818 oleo
1615 777 1939 820 sanctificationis

403 830 592 882 regaliter
630 834 834 872 unxerunt
871 834 912 872 et
947 832 988 872 in
1025 832 1122 873 solio
1159 832 1273 884 regni
1302 845 1395 873 cum
1424 833 1698 874 benedictione
1729 834 1942 888 sollempni

404 887 711 928 collocaverunt.
769 888 854 928 Nos
893 901 985 928 vero
1023 888 1065 928 in
1103 888 1395 941 multiplicibus
1424 890 1557 941 regiae
1587 889 1795 941 dignitatis
1825 902 1942 932 orna-

403 943 572 992 mentis,
611 943 757 996 quibus
794 944 942 997 partim
978 957 1050 997 per
1087 944 1280 985 laicorum
1314 944 1543 998 principum
1573 945 1765 998 obsequia
1791 946 1942 999 partim

402 1011 475 1052 per
514 999 754 1040 reverendas
793 1000 1029 1053 pontificum
1067 1000 1365 1041 benedictiones
1404 1001 1539 1042 vestiti
1578 1014 1738 1051 sumus,
1781 1002 1940 1055 regium

403 1055 586 1096 animum
614 1055 831 1106 induimus,
862 1057 950 1096 tota
978 1056 1127 1098 mentis
1158 1057 1306 1097 virtute
1334 1057 1601 1107 intendentes,
1630 1059 1679 1098 ut
1706 1057 1820 1099 iuxta
1846 1071 1943 1112 pro-

401 1111 584 1152 fessionis
630 1113 792 1153 nostrae
838 1112 1073 1162 formulam,
1121 1125 1245 1164 quam
1285 1113 1334 1153 ab
1371 1113 1601 1154 orthodoxis
1638 1113 1868 1166 presulibus
1896 1114 1939 1155 in

401 1167 487 1220 ipso
507 1167 621 1219 regni
651 1169 795 1209 throno
826 1169 866 1208 et
894 1168 1083 1210 unctione
1113 1180 1228 1209 sacra
1257 1169 1505 1222 accepimus:
1537 1170 1730 1211 honorem
1757 1169 1869 1211 vobis
1900 1172 1941 1222 et

402 1223 677 1273 dilectionem,
715 1226 755 1264 et
794 1226 1072 1265 sacrosanctae
1102 1224 1223 1265 matri
1251 1226 1388 1266 nostre
1417 1226 1625 1266 Romanae
1655 1225 1869 1267 aecclesiae
1899 1227 1941 1268 et

403 1280 589 1320 omnibus
637 1280 915 1321 ecclesiasticis
950 1280 1132 1334 personis
1171 1282 1402 1334 promptam
1443 1283 1484 1322 et
1522 1281 1700 1322 debitam
1737 1281 1942 1323 iusticiam

403 1347 449 1376 ac
478 1335 753 1377 defensionem
774 1336 1044 1386 exhibeamus,
1074 1336 1204 1377 viduis
1235 1349 1282 1378 ac
1310 1337 1474 1390 pupillis
1506 1339 1546 1378 et
1574 1337 1760 1379 universo
1789 1338 1940 1392 populo

400 1391 516 1432 nobis
547 1392 759 1433 commisso
788 1393 921 1445 legem
951 1394 991 1432 et
1018 1405 1160 1446 pacem
1189 1392 1384 1434 faciamus
1415 1395 1455 1434 et
1485 1393 1850 1447 conservemus.**)

514 1447 638 1489 Cum
687 1448 819 1489 enim
867 1448 962 1489 duo
1011 1449 1134 1498 sint,
1194 1449 1383 1501 quibus
1441 1449 1814 1503 principaliter
1859 1450 1943 1492 hic

401 1503 616 1544 mundus
660 1505 879 1557 regitur,
933 1505 1181 1546 videlicet
1237 1505 1529 1547 auctoritas
1580 1518 1727 1547 sacra
1768 1506 1945 1560 ponti-

401 1559 555 1600 ficum
592 1562 639 1600 et
676 1560 871 1612 regalis
909 1560 1263 1614 potestaS,***)
1294 1561 1476 1611 omnium
1507 1561 1658 1603 Christi
1687 1562 1942 1604 sacerdotum

402 1616 674 1657 oboedientiae
705 1616 836 1658 devoti
857 1617 958 1658 colla
978 1617 1215 1659 submittere
1233 1616 1363 1670 parati
1385 1630 1538 1665 sumus,
1567 1619 1615 1658 ut
1642 1618 1815 1672 propitia
1844 1618 1943 1660 divi—

398 1671 528 1712 nitate
559 1672 811 1726 temporibus
840 1673 970 1714 nostri
996 1673 1245 1726 principatus
1274 1674 1443 1715 verbum
1463 1674 1538 1715 Dei
1569 1674 1750 1727 expedite
1781 1687 1940 1716 currere

399 1741 480 1769 non
510 1728 772 1781 prohibeatur
802 1730 842 1770 et
871 1731 1062 1782 paternas
1086 1730 1248 1782 regulas
1279 1742 1325 1770 ac
1354 1730 1514 1771 decreta
1544 1730 1808 1772 sanctissimis
1837 1730 1940 1772 diffi-

397 1784 485 1824 nita
521 1784 696 1825 conciliis
736 1785 873 1826 nullus
915 1785 1062 1826 audeat
1093 1786 1244 1838 absque
1274 1798 1400 1839 penae
1431 1787 1624 1838 gravioris
1652 1786 1830 1828 vindicta
1857 1787 1940 1828 vio-

397 1840 498 1888 lare;
540 1841 792 1893 quatinus
823 1854 912 1894 per
942 1842 1105 1882 studii
1134 1842 1306 1883 nostri
1334 1842 1648 1883 instantiam
1678 1843 1940 1885 catholica

399 1897 628 1938 ecclesia
657 1909 777 1938 suae
808 1897 1091 1950 dignitatis
1130 1898 1422 1952 privilegiis
1453 1898 1731 1940 decoretur
1760 1901 1808 1940 et
1836 1899 1940 1941 Ro-

397 1953 533 1993 mani
587 1953 792 2006 imperii
852 1954 1111 1995 celsitudo
1167 1955 1218 1994 in
1265 1954 1552 2007 pristinum
1601 1967 1726 1997 suae
1775 1957 1939 1998 excel-

396 2009 596 2050 lentiae
626 2010 778 2050 robur
806 2009 908 2051 Deo
940 2010 1218 2051 adiuvante
1248 2010 1580 2052 reformetur.

510 2065 564 2105 Et
599 2066 790 2118 quoniam
828 2066 1089 2107 beatitudinis
1125 2068 1282 2107 vestrae
1322 2067 1504 2108 animum
1542 2067 1590 2108 de
1629 2068 1741 2109 obitu
1768 2067 1938 2122 predicti

397 2121 643 2162 serenissimi
687 2122 878 2175 principis
924 2123 1073 2163 scimus
1117 2135 1197 2164 non
1240 2123 1440 2164 immerito
1480 2125 1782 2177 perturbatum,
1825 2125 1938 2167 vobis

396 2178 608 2229 tamquam
651 2178 756 2231 patri
800 2179 1009 2220 karissimo
1054 2181 1284 2220 constanter
1326 2179 1619 2232 promittimus,
1663 2181 1790 2233 quod,
1835 2181 1940 2222 sicut

396 2233 526 2274 eidem
556 2234 726 2286 glorioso
758 2235 963 2286 quondam
992 2235 1077 2287 regi
1106 2235 1147 2275 in
1167 2235 1281 2288 regni
1302 2236 1398 2276 solio
1430 2236 1708 2287 successimus,
1738 2237 1796 2278 ita
1823 2238 1939 2279 here-

395 2290 582 2330 ditariam
613 2290 865 2332 dilectionem
895 2293 980 2332 tam
1010 2291 1061 2332 ad
1081 2294 1258 2332 vestram
1287 2304 1502 2345 personam
1533 2293 1693 2335 omnino
1723 2294 1937 2348 specialem

516 2391 549 2435 *)
575 2395 606 2426 9.
632 2392 738 2427 Marz.
780 2393 830 2434 **)
856 2387 948 2427 Uber
974 2393 1038 2427 den
1063 2393 1302 2437 lang-jahrigen
1321 2393 1438 2437 Streit,
1465 2395 1614 2429 welchen
1640 2395 1695 2430 die
1719 2395 1937 2430 Erzbischofe

395 2449 424 2472 v,
451 2437 565 2471 Mainz
590 2449 622 2473 u.
648 2438 738 2472 Koln
762 2450 877 2483 wegen
904 2439 963 2473 des
988 2439 1305 2483 Kr'onungsrechtes
1330 2440 1489 2483 fiihrten,
1515 2442 1582 2485 vgl.
1608 2441 1733 2485 Waitz,
1758 2441 1850 2478 Verf.
1874 2442 1935 2486 VI,

399 2486 458 2517 161
487 2484 521 2518 ff.
563 2484 671 2529 Papst
694 2485 760 2519 Leo
784 2486 846 2520 IX.
871 2485 970 2520 hatte
995 2497 1035 2519 zu
1062 2485 1217 2520 Gunsten
1243 2485 1349 2520 Kolns
1374 2487 1610 2522 entschieden:
1635 2488 1822 2532 Regiam
1847 2500 1939 2523 con-

395 2530 698 2564 secrationem
730 2531 857 2565 infra
889 2532 1063 2566 limites
1093 2543 1197 2566 suae
1232 2532 1455 2567 dioecesis
1479 2534 1730 2569 faciendam
1754 2535 1938 2580 potestatis

396 2576 602 2620 apostolicae
626 2578 812 2612 munimine
837 2578 868 2612 ei
893 2579 1158 2614 corroboramus,
1192 2577 1303 2621 (Jaffe‚
1328 2579 1413 2622 Reg.
1439 2579 1538 2614 Pont.
1564 2591 1615 2614 nr.
1634 2581 1750 2625 3248.)
1776 2601 1820 2606 —
1844 2575 1939 2615 Uber

396 2622 451 2656 die
466 2622 623 2656 Formeln
642 2623 702 2657 der
716 2624 1015 2668 K'onigskronung,
1042 2625 1144 2658 deren
1169 2625 1292 2658 alteste
1307 2625 1361 2659 bei
1378 2626 1568 2660 Widukind
1584 2627 1631 2669 II,
1657 2638 1684 2662 c.
1705 2630 1720 2661 1
1739 2627 1937 2662 iiberliefert

395 2668 452 2709 ist,
478 2669 546 2712 vgl.
565 2669 689 2712 Waitz,
715 2670 780 2704 Die
805 2670 961 2705 Formeln
987 2671 1046 2705 der
1072 2671 1259 2705 deutschen
1277 2671 1424 2713 Konigs-
1450 2683 1482 2706 u.
1509 2673 1569 2706 der
1593 2673 1783 2708 romischen
1798 2673 1935 2708 Kaisar-

397 2714 554 2759 kronung
578 2727 653 2749 vom
676 2719 726 2751 10.
745 2716 799 2750 bis
825 2728 900 2750 zum
920 2719 971 2752 12.
989 2717 1012 2751 J
1014 2717 1110 2751 ahrh.
1150 2717 1283 2751 Ebenso
1300 2717 1391 2752 Verf.
1408 2718 1469 2760 VI,
1498 2722 1561 2754 163
1579 2719 1612 2754 ff.
1652 2719 1724 2763 ***)
1742 2719 1809 2754 Mit
1826 2719 1937 2754 dieser

395 2760 608 2805 Auffassung
626 2774 655 2796 v.
674 2762 872 2797 Kaisertum
899 2775 929 2798 u.
947 2764 1129 2808 Papsttum
1148 2764 1215 2807 vgl.
1243 2764 1305 2798 das
1322 2763 1504 2799 Schreiben
1521 2765 1704 2800 Heinrichs
1721 2765 1780 2801 IV.
1798 2764 1876 2808 (Bd.
1902 2768 1935 2808 3,

395 2818 446 2886 31.
462 2807 495 2841 Χ
520 2809 647 2842 meiner
671 2808 900 2853 Sammlung),
927 2810 988 2844 der
1011 2809 1189 2844 Friedrich
1212 2822 1245 2845 u.
1272 2810 1381 2844 seiner
1397 2810 1539 2846 Kanzlei
1556 2811 1701 2846 vielfach
1726 2812 1778 2846 als
1792 2812 1936 2847 Vorbild

419 2853 520 2889 iente.
