2098 3432
0 631 8 644 ἢ
0 547 10 556 ν
0 462 21 540 τηεμ(-
0 315 22 455 nunqu-t..)
0 253 22 306 ³²¹5·
7 200 31 211 ὁ.
7 147 11 149 ,

94 1834 169 1877 rici
205 1833 348 1877 Pisani
390 1833 608 1876 cardinalis
658 1833 711 1875 ad
750 1833 865 1876 dom-

97 1905 200 1935 num
246 1891 538 1946 imperatorem
597 1891 771 1941 directa,
821 1891 864 1932 in

98 1949 249 2005 quibus
314 1961 504 2004 expresse
567 1948 866 2000 continebatur,

96 1775 187 1832 (11)
206 1775 398 1818 Vidimus
419 1776 544 1818 etiam
564 1775 717 1831 scripta
737 1775 845 1818 Hei·

1594 290 1675 332 173

905 417 1015 471 arum²⁸
1029 404 1178 449 seducti,
1214 406 1337 449 postea
1362 404 1526 440 abierunt
1551 406 1678 439 retror-

903 464 1004 546 3131)
1017 433 1216 534 )Praeter’ea
1254 510 1317 534 nos
1356 499 1581 544 antiquorum
1615 509 1676 542 pa-

903 550 998 582 trum
1007 548 1034 582 ²)
1056 546 1206 591 vestigia
1230 548 1268 581 et
1298 546 1478 581 Romanae
1511 545 1677 580 ecclesiae

902 593 1191 630 consuetudinem
1224 593 1428 636 imitantes,
1467 592 1597 627 librum
1634 592 1676 627 de

902 641 977 677 vita
1001 643 1038 676 et
1063 640 1283 676 ordinatione
1299 640 1537 675 Romanorum
1560 640 1674 685 ponti-

876 728 878 736 ,
902 688 1007 724 ficum
1020 699 1124 734 super
1138 687 1313 722 similibus
1323 687 1439 722 causis
1455 689 1492 722 et
1509 686 1674 721 dissensi-

902 736 1027 771 onibus
1035 737 1064 770 ιΦ)
1089 735 1127 770 111
1140 734 1255 770 medio
1272 734 1418 769 concilio
1431 734 1577 769 fecimus
1592 734 1676 769 reci-

902 783 984 826 tari,
1010 783 1072 817 ubi
1089 781 1374 817 manifestissime
1385 786 1410 815 0)
1433 781 1675 827 comperimus,

903 830 996 876 quod
1008 830 1046 865 in
1055 828 1257 864 huiusmodi
1266 828 1418 873 negotiis
1428 828 1529 863 illum
1543 839 1678 872 semper

903 879 1027 912 sancta
1060 876 1191 912 statuit
1230 875 1377 911 ecclesia
1401 875 1676 920 praeferendum,

904 924 965 970 qui
997 924 1167 970 petitione
1198 923 1329 969 populi,
1365 934 1535 958 consensu
1559 925 1596 957 et
1621 922 1678 957 de-

905 971 1034 1006 siderio
1069 971 1155 1006 cleri
1180 982 1202 1005 a
1226 970 1466 1005 cardinalibus
1494 969 1589 1014 prior
1623 972 1678 1004 est

904 1019 1136 1054 immantatus
1177 1019 1214 1052 et
1222 1018 1252 1051 d)
1294 1017 1331 1052 in
1372 1017 1542 1052 cathedra
1581 1017 1677 1051 beati

903 1066 1000 1101 Petri
1026 1065 1226 1100 collocatus.
1262 1063 1358 1099 Illud
1375 1063 1495 1107 etiam,
1524 1064 1617 1110 quod
1635 1064 1678 1098 de

904 1113 1076 1148 Anacleto
1092 1114 1130 1147 et
1156 1111 1294 1146 domino
1318 1093 1523 1147 Innocentio
1547 1111 1678 1146 nostris

905 1160 1123 1206 temporibus
1165 1158 1335 1194 accidisse
1375 1158 1579 1202 recolimus,
1631 1158 1677 1193 ad

905 1207 1109 1242 memoriam
1131 1205 1270 1241 concilii
1293 1205 1523 1241 nihilominus
1548 1207 1604 1240 est
1627 1217 1678 1240 re-

903 1256 1077 1298 vocatum,
1105 1253 1209 1300 quod,
1227 1253 1312 1288 licet
1327 1264 1398 1287 una
1422 1255 1459 1288 et
1483 1253 1605 1288 eadem
1620 1252 1676 1287 die

904 1303 1007 1336 ambo
1031 1282 1235 1336 11111113111311
1261 1300 1431 1344 fuissent,
1466 1300 1526 1335 ille
1560 1300 1678 1346 potius

905 1350 961 1384 est
986 1349 1030 1383 ab
1056 1348 1204 1383 ecclesia
1230 1348 1464 1401 approbatus,
1491 1347 1590 1381 cuius
1615 1347 1679 1381 im-

904 1396 1078 1431 mantatio
1113 1395 1232 1441 aliqua
1258 1395 1327 1430 diei
1351 1397 1452 1440 parte
1477 1395 1677 1439 praecessit.

906 1443 939 1478 A
957 1443 1095 1478 saeculo
1112 1453 1181 1478 non
1198 1444 1254 1477 est
1279 1441 1452 1486 auditum,
1479 1441 1572 1488 quod
1597 1444 1679 1487 post

906 1491 1011 1526 unius
1050 1489 1355 1525 immantationem
1393 1489 1449 1524 die
1482 1491 1677 1532 transacta,

908 1539 999 1573 alius
1023 1539 1146 1583 postea
1171 1537 1278 1572 fuerit
1302 1537 1544 1572 immantatus.
1595 1536 1678 1571 Rol-

907 1585 1035 1620 landus
1061 1586 1179 1620 autem
1203 1595 1272 1619 non
1298 1595 1368 1618 una
1392 1585 1578 1627 tantum⁹)‚
1614 1583 1675 1618 sed

907 1633 1092 1668 undecima
1123 1633 1307 1667 transacta
1339 1631 1396 1666 die
1428 1633 1509 1676 post
1531 1631 1679 1666 imman-

907 1680 1079 1715 tationem
1104 1679 1237 1714 domini
1259 1678 1414 1714 Victoris
1437 1678 1508 1713 fuit
1530 1678 1677 1713 imman-

907 1729 1017 1763 tatus.
1023 1727 1077 1772 **)

909 1775 942 1821 (1
950 1778 984 1819 1)
994 1775 1181 1810 Praeterea
1192 1773 1345 1809 vidimus
1359 1773 1493 1819 scripta
1502 1773 1676 1827 Hen(rici)

907 1823 1029 1858 Pisani
1047 1822 1237 1858 cardinalis
1256 1821 1302 1856 ad
1325 1820 1503 1856 dominum
1528 1820 1676 1866 impera-

907 1872 1020 1905 torem
1037 1870 1182 1913 direeta,
1207 1869 1245 1904 in
1262 1868 1390 1914 quibus
1415 1879 1575 1912 expresse
1600 1879 1680 1902 con-

907 1917 1099 1960 tinebatur,
1112 1916 1205 1962 quod
1218 1916 1354 1952 nullum
1367 1915 1498 1950 vellent
1509 1915 1677 1950 ecclesiae

909 1965 1027 2000 subire
1062 1946 1233 2000 iudicium
1274 1965 1311 1998 et
1346 1974 1500 1998 examen.
1563 1961 1679 2007 Super

958 2077 979 2101 a
1019 2065 1119 2101 SoB
1145 2077 1212 2112 ;p.
1237 2064 1327 2100 fehlt
1351 2065 1407 2100 bei
1432 2065 1516 2101 MD.

955 2112 1068 2150 11180
1093 2113 1153 2156 B.;
1179 2124 1208 2148 e.
1234 2113 1268 2149 d.
1294 2112 1385 2148 fehlt
1407 2112 1464 2147 bei
1489 2112 1573 2148 MD.

963 2160 996 2206 c)
1021 2160 1083 2196 Β.;
1109 2160 1306 2196 manifeste.

957 2207 995 2252 d)
1019 2207 1065 2243 So
1089 2207 1151 2251 Β.,
1177 2207 1200 2243 1.
1227 2218 1256 2243 0.
1282 2207 1372 2242 fehlt
1395 2207 1452 2242 bei
1477 2207 1560 2242 MD.

963 2262 994 2298 0)
1019 2257 1047 2292 t.
1071 2255 1163 2290 fehlt
1186 2254 1243 2290 bei
1267 2254 1309 2290 B.

958 2302 991 2346 *)
1015 2302 1099 2347 Vgl.
1113 2301 1148 2338 S.
1167 2305 1234 2338 150
1249 2301 1367 2345 Anm.,
1389 2301 1605 2336 nameutlich
1622 2300 1679 2335 die

910 2350 991 2385 dort
1008 2350 1146 2385 citierte
1163 2349 1272 2384 Stelle
1296 2349 1345 2384 im
1362 2348 1552 2383 Schreiben
1569 2348 1674 2383 Eber-

907 2397 1017 2432 hards
1037 2409 1068 2434 v.
1094 2396 1271 2441 Bamberg
1302 2407 1347 2431 an
1372 2396 1438 2431 den
1465 2395 1675 2440 Salzburger

908 2444 1130 2479 Erzbischof.
1122 2445 1130 2469 Ι

932 2491 988 2538 **)
1013 2491 1197 2526 Eberhard
1231 2502 1262 2526 v.
1297 2490 1475 2535 Bamberg
1507 2489 1609 2524 ffihrt
1642 2489 1678 2524 in

909 2539 1040 2574 seinem
1081 2537 1270 2573 Schreiben
1321 2549 1367 2572 an
1414 2536 1597 2572 Eberhard
1645 2548 1677 2572 v.

909 2586 1081 2631 Salzburg
1106 2586 1159 2620 als
1183 2585 1278 2620 eines
1303 2585 1365 2619 der
1388 2584 1520 2619 Motive
1543 2584 1600 2618 fiir
1617 2583 1674 2618 die

909 2634 1058 2668 Paveser
1106 2632 1402 2677 Synodalsentenz
1466 2642 1531 2666 an:
1594 2630 1678 2676 quia

910 2680 1029 2716 domni
1053 2680 1207 2715 Victoris
1232 2678 1456 2714 immantatio
1480 2678 1585 2724 prior,
1615 2677 1679 2712 illa

910 2728 1092 2774 posterior,
1117 2738 1198 2773 quo
1235 2727 1335 2762 solo
1367 2724 1674 2760 Innocentius

910 2775 1133 2818 Anacleto
1159 2773 1420 2820 prevaluit,
1453 2783 1547 2807 cum
1572 2772 1679 2806 Ana-

910 2813 1059 2857 cletus
1076 2822 1230 2868 plures
1248 2823 1292 2855 et
1306 2819 1525 2855 maximae
1542 2819 1680 2854 scien-

910 2869 1007 2904 tiae
1046 2871 1092 2904 et
1132 2867 1441 2903 auctoritatis
1482 2866 1568 2901 hab
1581 2868 1678 2901 eret

910 2916 976 2951 ele
985 2928 1004 2951 0
1012 2918 1029 2951 t
1038 2927 1059 2951 o
1068 2927 1111 2950 re
1119 2927 1146 2951 8.
