2098 3432
412 230 466 270 56

411 340 540 382 omnis
569 340 815 381 Francorum
851 341 1025 394 populus
1060 353 1154 382 cum
1190 340 1277 393 ipso
1314 352 1408 392 rege
1451 353 1523 382 suo
1563 342 1703 382 contra
1731 341 1945 394 imperium
1994 371 1996 378 ,

410 395 758 450 precellentissimi
799 395 980 448 germani
1018 396 1163 445 nostri,
1203 396 1265 436 tui
1304 395 1456 436 scilicet
1494 397 1769 449 gloriosissimi
1800 397 1946 450 sponsi,

412 451 659 505 conspiraret
688 453 729 492 et
758 464 871 493 arma
899 464 1069 501 movere,
1100 453 1261 492 auctore
1292 453 1332 492 et
1360 452 1563 493 incentore
1590 452 1736 505 Sicilye
1766 454 1948 506 tyranno,

412 521 505 549 cum
535 507 643 548 omni
674 507 834 548 virtutis
865 521 961 549 suae
991 512 1137 549 conatu
1169 507 1406 560 disponeret.
1447 507 1581 561 Quam
1610 521 1696 549 rem
1725 521 1805 549 non
1833 507 1948 550 facile

413 563 681 617 spernendam
721 563 786 604 vel
826 563 1091 605 omittendam
1129 566 1265 604 ratum
1303 563 1511 612 duximus,
1555 566 1616 605 set
1651 565 1775 605 finem
1810 575 1947 608 rerum

413 621 621 673 expectare
660 622 700 660 et
738 620 810 659 aut
843 620 1071 660 tumultum
1108 619 1325 673 reprimere
1365 621 1437 660 aut
1463 632 1536 660 nos
1567 621 1608 661 61
1635 619 1851 674 imperium
1880 633 1949 661 no-

413 678 545 716 strum
588 688 659 728 pro
702 675 825 716 fratre
869 678 1006 717 nostro
1051 677 1091 716 et
1129 676 1250 716 rebus
1288 674 1415 728 ipsius
1452 688 1650 729 opponere
1687 675 1947 718 decrevimus.

412 732 634 772 Excusatos
664 743 738 772 1168
768 731 1014 772 sufficienter
1044 731 1256 780 credimus,
1285 730 1468 772 veritatis
1491 732 1684 772 existente
1711 731 1949 781 constantia,

413 790 498 828 tam
538 787 585 828 de
623 787 837 828 incursatis
867 787 981 840 regni
1009 787 1137 828 nostri
1166 787 1312 827 finibus
1342 799 1465 839 quam
1495 787 1543 828 de
1572 787 1836 828 invalitudine
1865 800 1951 828 cor-

412 843 551 897 porali.
611 843 664 883 Et
693 843 811 896 plane
842 843 890 884 de
920 843 1054 884 divino
1085 843 1282 883 adiutorio
1313 842 1560 892 confidimus,
1590 843 1696 896 quod
1724 844 1776 884 in
1805 839 1954 885 brevi

412 899 670 953 promissa
711 901 894 940 nostra
937 898 1169 940 fideliter
1213 899 1596 952 complebimus,
1639 912 1738 940 non
1781 899 1950 940 solum

413 956 531 1008 quia
560 955 942 1008 spopondimus,
973 967 1143 996 verum
1173 955 1334 995 etiam
1363 954 1479 1007 quia
1506 967 1600 996 nos
1629 955 1686 996 de
1716 955 1951 996 invasore

414 1011 623 1065 imperii
652 1011 821 1051 nostri
850 1011 1114 1052 vindicare
1144 1023 1467 1063 summopere
1498 1010 1864 1052 desideramus.

525 1067 579 1107 Et
618 1068 666 1107 ut
702 1068 906 1120 precelsus
943 1067 1004 1108 vir
1039 1069 1136 1108 tuus
1173 1066 1366 1108 maiorem
1404 1066 1452 1107 de
1481 1067 1595 1108 nobis
1626 1066 1804 1108 amicicie
1834 1066 1952 1108 certi-

413 1122 597 1164 tudinem
626 1125 666 1163 et
696 1123 940 1176 adimplendi
971 1123 1254 1164 conventiones
1282 1123 1450 1172 habeat,
1488 1123 1706 1164 firmiorem
1744 1123 1850 1164 inter
1877 1135 1951 1164 nos

414 1178 671 1227 affinitatem,
702 1178 820 1219 sicuti
850 1191 942 1220 cum
970 1180 1178 1232 presentes
1210 1191 1390 1219 essemus
1420 1178 1526 1219 inter
1554 1191 1628 1220 nos
1658 1180 1880 1220 tractatum
1909 1180 1951 1219 et

413 1235 620 1275 firmatum
649 1234 736 1284 fuit,
768 1234 819 1275 ad
847 1247 1012 1288 presens
1041 1234 1128 1275 fieri
1158 1234 1426 1287 disponimus,
1455 1234 1513 1275 ita
1541 1234 1747 1276 videlicet:
1785 1237 1833 1275 ut
1869 1235 1953 1287 glo-

413 1290 543 1331 riosus
572 1290 679 1331 filius
709 1293 863 1340 noster,
894 1290 961 1343 qui
989 1290 1147 1344 imperii
1176 1290 1304 1332 nostri
1333 1302 1540 1331 successor
1580 1293 1620 1331 et
1647 1290 1765 1332 heres
1794 1293 1857 1331 est
1885 1289 1954 1332 (16-

415 1346 598 1399 signatus
619 1348 660 1387 et
683 1348 906 1396 coronatus,
935 1348 1099 1400 neptem
1119 1359 1244 1387 unam
1265 1346 1401 1387 mariti
1422 1346 1493 1396 tui,
1524 1346 1708 1387 sublimis
1732 1346 1954 1388 Grecorum

412 1402 686 1455 imperatoris,
727 1414 893 1443 uxorem
921 1402 1099 1456 presenti
1129 1404 1309 1456 tempore
1340 1402 1481 1451 ducat,
1522 1402 1571 1443 de
1612 1402 1768 1444 duabus
1798 1401 1951 1444 scilicet

416 1458 595 1499 alteram.
655 1457 767 1508 Quae
799 1457 939 1499 electio
968 1458 1010 1499 in
1040 1458 1102 1499 tui
1131 1458 1303 1511 pectoris
1334 1457 1532 1511 sapientia
1560 1457 1777 1508 constabit,
1806 1459 1854 1499 ut
1882 1457 1952 1498 illa

414 1514 528 1555 nobis
558 1515 871 1564 transmittatur,
901 1527 978 1567 que
1008 1514 1187 1555 moribus
1213 1516 1253 1555 et
1276 1514 1406 1555 forma
1426 1516 1616 1556 noscetur
1645 1526 1669 1555 a
1696 1515 1748 1563 16,
1777 1526 1854 1567 (1116
1884 1525 1952 1555 668

416 1570 614 1619 educasti,
657 1570 893 1623 preceHere,
937 1570 1042 1611 sicut
1084 1571 1210 1611 honor
1253 1570 1465 1623 utriusque
1505 1570 1669 1623 ‚imperii
1711 1573 1752 1611 et
1789 1569 1952 1623 predul-

415 1626 565 1667 cissimi
602 1626 761 1679 nepotis
799 1626 860 1667 tui
895 1626 1092 1668 celsitudo
1130 1638 1230 1679 opus
1269 1626 1415 1667 habere
1444 1626 1487 1667 in
1515 1626 1588 1667 tali
1617 1638 1659 1667 re
1690 1625 1954 1679 cognoscitur.

416 1682 560 1723 Cetera
589 1694 700 1731 vero,
739 1694 815 1734 que
855 1682 905 1722 ad
935 1682 1109 1724 eundem
1139 1683 1391 1723 contractum
1420 1682 1497 1723 rite
1527 1681 1803 1736 peragendum
1830 1681 1955 1735 perti-

415 1750 511 1779 nere
549 1737 755 1800 videntur,
793 1739 1002 1801 posuimus
1039 1738 1082 1779 in
1121 1751 1188 1779 ore
1227 1738 1383 1779 comitis
1423 1738 1642 1779 Alexandri
1681 1738 1729 1779 de
1768 1737 1955 1787 Gravina,

414 1794 483 1846 qui
513 1794 672 1846 utrique
702 1793 870 1847 imperio
892 1796 1088 1847 perpetua
1106 1794 1302 1835 fidelitate
1333 1794 1482 1835 servire
1502 1794 1718 1835 manifeste
1737 1793 1956 1843 consuevit,

416 1851 456 1890 et
476 1850 586 1891 verbi
607 1850 728 1890 huius
751 1850 949 1891 mediator
970 1852 1010 1891 et
1028 1852 1225 1892 tractator
1233 1852 1259 1883 εὶ)
1282 1863 1329 1891 ex
1347 1852 1534 1913 precepto
1555 1854 1830 1903 utrorumque,
1861 1862 1954 1891 cum

418 1906 526 1959 apud
563 1918 633 1946 vos
671 1918 863 1947 essemus.
930 1906 1079 1956 Quem,
1117 1908 1160 1947 in
1194 1907 1314 1947 rebus
1352 1905 1510 1959 imperii
1548 1906 1670 1947 vestri
1703 1905 1876 1946 fideliter
1910 1907 1958 1946 ut

417 1974 575 2015 semper
605 1962 707 2002 solet
735 1962 1009 2012 laborantem,
1041 1975 1064 2003 a
1092 1962 1269 2003 Venecia
1297 1962 1465 2003 fecimus
1497 1962 1547 2003 ad
1577 1974 1650 2003 nos
1679 1961 1829 2010 vocari,
1859 1973 1957 2015 qua-

418 2018 528 2058 tinus
558 2030 630 2071 per
659 2017 745 2058 eius
775 2018 1018 2059 industriam
1049 2020 1249 2060 secretum
1279 2019 1373 2067 hoc,
1411 2018 1517 2059 sicut
1546 2018 1588 2059 in
1617 2017 1760 2059 ceteris
1789 2030 1958 2059 consue-

416 2074 559 2123 vimus,
591 2073 641 2114 ad
662 2074 870 2126 egregium
900 2075 1033 2115 valeat
1061 2075 1184 2116 finem
1213 2074 1389 2128 perduci.
1438 2074 1498 2115 De
1528 2075 1643 2115 cuius
1673 2074 1793 2115 celeri
1821 2085 1955 2115 rever·-

419 2130 529 2171 sione
568 2130 785 2182 benignam
821 2130 1132 2193 intelligentiam
1173 2133 1289 2171 tuam
1318 2130 1494 2171 studiose
1527 2130 1814 2178 admonemus;
1851 2129 1957 2182 quia,

419 2199 511 2227 cum
542 2185 726 2226 sublimis
757 2199 880 2239 nepos
900 2187 1022 2228 111118
1012 2199 1094 2227 16111
1115 2186 1278 2227 adultus
1302 2186 1365 2234 sit,
1395 2187 1562 2239 oportet,
1592 2188 1638 2226 ut
1658 2187 1746 2226 tam
1753 2197 1956 2248 personae

417 2242 545 2296 ipsius
575 2254 698 2294 quam
727 2242 894 2294 imperio
925 2244 1062 2284 nostro
1092 2243 1134 2283 in
1150 2242 1421 2284 contrahendo
1443 2243 1699 2291 matrimonio
1729 2241 1815 2283 sine
1844 2254 1958 2283 mora

418 2298 711 2352 provideamus.
772 2297 880 2339 Scire
910 2300 1081 2352 possunt
1110 2298 1261 2339 inimici
1290 2298 1435 2348 nostri,
1475 2299 1541 2350 qui
1572 2288 1956 2339 disseminando

419 2354 678 2396 mendatia
716 2355 930 2396 turbare
970 2368 1056 2396 nos
1095 2357 1143 2396 et
1181 2330 1475 2407 disiungere
1516 2354 1814 2404 moliuntur,
1853 2353 1959 2407 quod

423 2411 625 2452 amiciciae
654 2412 790 2451 nostre
819 2423 947 2452 nexus
977 2411 1263 2452 indissolubilis
1292 2411 1576 2464 perseveret.*)

535 2625 571 2656 61
597 2605 687 2667 nach
710 2619 731 2653 J
735 2619 798 2653 affe
822 2620 871 2654 ist
894 2620 968 2654 hier
991 2620 1058 2654 fuit
1083 2620 1303 2664 ausgefallen.

536 2670 568 2710 ³)
592 2661 685 2701 Uber
709 2666 764 2700 die
788 2666 980 2709 Versuche,
1016 2666 1156 2700 Konrad
1180 2677 1255 2699 vom
1281 2665 1475 2699 Biindnisse
1500 2665 1565 2699 mit
1590 2665 1730 2699 Manuel
1755 2664 1959 2699 abzuziehen

421 2715 491 2748 und
524 2714 589 2748 mit
613 2714 726 2758 Roget
759 2713 1011 2756 auszusfflmen,
1043 2712 1194 2746 schreibt
1217 2711 1357 2745 Wibald
1387 2711 1433 2745 im
1458 2711 1555 2756 April
1585 2714 1671 2746 1150
1709 2722 1752 2745 611
1785 2711 1851 2745 (1611
1873 2710 1961 2744 Κ61-

425 2760 647 2795 dinaldiakon
673 2759 785 2794 Guido
810 2758 914 2802 (Wib.
940 2770 1014 2804 epp.
1039 2770 1091 2792 nr.
1118 2761 1201 2799 2523
1226 2757 1331 2799 Jaffe,
1357 2757 1573 2791 Β1111161116(6
1597 2757 1625 2800 Ι,
1652 2760 1718 2792 377
1745 2757 1800 2801 f)
1834 2756 1960 2800 ,P,orro

423 2807 459 2841 in
492 2806 603 2852 capite
638 2804 896 2851 quadragesime
932 2805 1112 2849 (1.Marz)
1152 2804 1294 2838 (1611111118
1326 2804 1460 2837 abbas
1493 2802 1846 2838 Clarevallensis
1879 2802 1959 2846 (vgl.
