2098 3432
451 347 533 388 270

450 457 513 490 hoc
530 455 643 490 idonei
660 466 733 489 esse
746 455 941 497 credantur,

451 503 538 536 tales
564 501 621 546 qui
646 512 708 535 nec
724 503 843 535 contra
859 501 940 534 civi-

450 551 558 581 tatem
581 558 641 580 nee
663 549 782 580 contra
798 547 944 591 impera-

450 597 557 627 torem
591 593 724 637 privato
755 593 846 626 vela)
870 603 885 626 s
911 603 943 626 e-

450 639 529 673 ciali
553 639 629 672 odio
646 641 837 673 teneantur.
876 604 942 680 &ui

451 686 564 719 iurent
595 685 683 718 bona
714 685 780 718 fide
810 686 846 718 et
870 684 942 718 sine

451 731 569 765 fraude
603 731 803 775 perquirant
834 732 870 764 et
893 730 943 764 in-

452 777 581 821 quisita
615 777 866 820 consignabunt
890 787 940 818 ea,

451 835 515 867 que
533 823 726 867 specialiter
744 822 786 856 ad
800 821 943 867 impera-

451 872 558 902 torem
584 870 757 913 spectant;
784 869 823 903 et
847 867 943 910 quod

451 913 942 958 concorditerdixerint‚ob-

450 961 586 995 tinent.
636 960 671 994 Si
714 963 828 994 autem
864 959 944 993 huic

452 1006 667 1051 inquisitioni
725 1005 945 1051 superseden-

453 1053 534 1086 dum
551 1063 624 1086 esse
637 1052 852 1097 putaveritis,
871 1063 945 1085 cen-

452 1110 527 1132 sum
559 1099 703 1132 duarum
739 1098 832 1132 mille
857 1109 965 1134 mar-.

452 1156 567 1179 earum
592 1156 651 1189 per
668 1144 822 1188 singulos
839 1155 945 1177 annos

452 1191 611 1236 petimus,
637 1191 688 1224 ita
712 1193 827 1224 tamen
853 1190 944 1234 quod

451 1237 656 1282 competenti
716 1236 946 1270 moderamine

452 1283 646 1317 moderetur
677 1283 782 1317 etiam
811 1282 946 1326 quanti-

453 1331 508 1363 tas
532 1329 612 1371 ista,
648 1330 677 1362 si
701 1329 847 1363 enormis
873 1328 946 1361 visa

454 1375 567 1410 suerit.

461 1981 523 2024 [f›.]
551 1980 586 2013 Si
612 1979 688 2024 quis
719 1980 833 2012 autem
850 1988 951 2022 super

459 2027 524 2068 his,
543 2037 630 2070 quae
647 2025 779 2059 vobisb›
793 2034 952 2058 concessa

460 2075 541 2106 sunt
558 2073 609 2106 vel
627 2071 804 2116 promissa,
830 2070 899 2104 sive
915 2069 952 2103 in

459 2118 598 2152 civitate
624 2118 693 2151 sive
717 2119 814 2150 extra
832 2116 951 2150 civita-

459 2166 540 2206 tem,
578 2163 823 2208 querimoniam
862 2161 952 2207 apud

459 2211 697 2255 imperatorem
757 2208 815 2243 vel
873 2208 952 2243 eius

459 2256 635 2290 nuntium
651 2255 855 2300 deposuerit,
879 2254 952 2288 eius

460 2302 705 2347 querimoniam
719 2301 876 2334 dominus
892 2300 954 2333 im-

459 2350 598 2393 perator
621 2359 687 2382 non
706 2347 869 2381 admittet
885 2355 954 2380 nec

459 2394 540 2429 eius
563 2393 733 2438 nuntius,
771 2393 830 2426 sed
855 2392 954 2426 silen-

460 2441 547 2474 tium
572 2440 622 2474 eis
645 2440 807 2484 imponet.

509 2532 542 2574 a)
567 2531 734 2575 Vignati:
759 2542 830 2565 nee.

507 2578 544 2621 b)
555 2576 659 2611 Prutz
669 2579 838 2611 vermutet
846 2576 954 2611 nobis.

977 457 1061 500 patu
1086 455 1269 507 eligantur,
1295 454 1358 488 viri
1383 454 1469 488 bone
1501 455 1542 495 et,
1583 454 1766 501 homi-nes
1810 455 1897 495 tam
1939 453 1989 496 do

978 501 1146 546 opinionis
1165 503 1214 534 -et
1246 500 1304 545 qui
1338 500 1382 533 ad
1406 499 1470 533 hoc
1501 510 1661 552 civitate
1693 522 1816 562 quam
1841 509 1890 552 de
1911 510 1992 565 epi,
2058 519 2069 558 {-

977 548 1235 637 ὶὲἶῗέξᾈηῗῗὲο
1259 545 1471 626 stiffi:
1501 567 1668 619 scopata
1685 566 1897 618 eligantur,
1917 565 1992 608 viri

978 641 1086 672 tatem
1111 649 1172 672 nec
1196 640 1316 671 contra
1330 637 1472 681 impera·
1500 622 1626 663 bonae
1647 621 1842 684 oph-lionis
1863 624 1904 662 et
1923 621 1993 675 qni

978 687 1086 718 torem
1102 685 1235 729 privato
1259 683 1312 717 vel
1333 683 1473 728 speciali
1503 677 1552 718 ad
1601 678 1676 718 hoc
1722 677 1855 718 Idonei
1904 689 1991 719 6886

978 730 1055 765 odio
1067 729 1472 771 teneantur.Quiiurent‚
1504 733 1720 774 credantur
1782 733 1885 774 ‘5313ss
1924 733 1994 787 qui

979 777 1069 821 quod
1105 777 1195 810 bona
1229 775 1297 809 fide
1332 777 1368 809 et
1401 775 1473 808 sine
1502 801 1577 830 neo
1615 764 1755 830 conada
1791 788 1994 830 civitatem

978 822 1098 856 fraude
1129 822 1327 866 perquirent
1357 822 1393 854 et
1424 821 1474 854 in-

980 869 1109 913 quisita
1139 868 1390 911 consignabunt
1422 877 1473 909 ea,
1503 857 1578 886 nec
1625 846 1762 886 contra
1812 846 1995 886 nosuam

981 925 1067 958 quae
1103 914 1296 958 specialiter
1333 913 1378 946 ad
1413 912 1475 946 im·
1503 901 1760 942 maieSfeatem
1768 900 1994 954 privabovel

981 962 1170 1004 peratorem
1220 960 1388 1004 spectant.
1438 958 1474 992 Si
1506 957 1667 1010 speciali
1706 956 1795 998 odio
1831 957 1996 998 tenean-

982 1008 1096 1040 autem
1136 1005 1215 1039 huic
1261 1004 1476 1050 inquisitioni
1505 1015 1583 1053 tur·
1623 1011 1702 1063 Qui
1721 1012 1867 1061 iurent,
1888 1012 1995 1064 quod

982 1051 1477 1140 {aas{deauretur
1505 1067 1996 1110 bonafideetsmfrauae

981 1144 1091 1178 millia
1102 1146 1130 1178 a)
1165 1143 1381 1177 marcharum
1418 1153 1478 1187 per
1505 1125 1741 1178 Pefqfflrenf'
1752 1123 1998 1176 etinqffiSita

983 1190 1136 1234 singulos
1156 1200 1261 1223 annos
1278 1189 1437 1234 petimus.
1449 1190 1477 1222 b)
1506 1180 1803 1233 consignabant
1818 1191 1876 1229 ea,
1891 1191 1995 1232 qnae

1507 1236 1736 1290 specialiter
1751 1235 1802 1278 ad
1815 1238 1997 1277 nostram

1507 1293 1694 1346 spectant
1709 1289 1995 1334 excellentiam.

1510 1347 1553 1389 Si
1583 1350 1722 1389 autem
1749 1347 1846 1389 huic
1865 1346 1998 1400 inqui-

1509 1404 1644 1445 sitioni
1654 1402 1998 1458 supersedendum

1509 1472 1596 1501 esse
1611 1459 1854 1514 putaverint,
1866 1461 1893 1493 ⁸)
1909 1470 2000 1501 een-

1509 1528 1602 1557 sum
1630 1515 1803 1558 duorum
1825 1514 2000 1556 millium

1508 1572 1768 1614 marcharum
1844 1570 2001 1624 argenti

1510 1640 1582 1682 per
1596 1627 1776 1681 singulos
1792 1638 1918 1669 annos
1932 1637 2002 1681 pe-

1510 1685 1648 1728 timus,
1685 1685 1879 1725 Attamen
1894 1694 2002 1724 com-

1510 1740 1665 1793 petenti
1729 1738 2002 1781 moderatione

1512 1795 1813 1837 moderabimur
1878 1794 2001 1836 etiam

1511 1852 1786 1905 quantita-tem
1800 1851 1935 1900 istam,
1967 1849 2002 1892 si

1512 1907 1686 1950 enormis
1715 1907 1803 1949 visa
1830 1905 2003 1948 fuerit&

991 1971 1053 2014 [5.]
1080 1969 1115 2004 Si
1142 1969 1218 2014 quis
1244 1970 1358 2002 autem
1385 1979 1485 2012 super

989 2017 1055 2058 his,
1095 2027 1181 2060 quae
1206 2015 1301 2049 vobis
1326 2025 1485 2048 concessa

990 2064 1072 2096 sunt
1106 2062 1158 2096 vel
1191 2061 1376 2106 permissa,
1414 2060 1484 2094 sive

987 2109 1023 2142 in
1048 2108 1188 2142 civitate
1206 2107 1275 2141 sive
1292 2108 1388 2140 extra
1404 2106 1483 2140 civi-

988 2156 1096 2188 tatem
1147 2155 1324 2198 spectant,
1373 2153 1483 2197 queri-

988 2201 1135 2234 moniam
1148 2199 1482 2244 apudimperatorem

989 2246 1203 2291 deposuerit,
1253 2246 1325 2279 eius
1374 2244 1483 2289 queri-

988 2292 1138 2326 moniam
1156 2292 1313 2325 dominus
1337 2291 1482 2335 impera·

988 2341 1044 2372 tor
1068 2349 1133 2372 non
1151 2337 1314 2371 admittet
1333 2339 1368 2371 et
1383 2337 1484 2371 silen-

989 2385 1077 2418 tium
1103 2384 1133 2418 ei
1158 2384 1320 2428 imponet.

1037 2524 1069 2562 a)
1095 2522 1194 2555 Pertz
1207 2534 1214 2555 ε
1240 2520 1397 2555 millium.

1036 2568 1073 2610 b)
1089 2567 1189 2601 Nach
1201 2567 1322 2601 Ficker
1338 2566 1483 2600 standen

993 2613 1048 2647 die
1072 2613 1190 2647 Worte
1214 2612 1379 2647 Attamen
1406 2640 1412 2647 .
1441 2639 1446 2644 .
1476 2640 1483 2647 .

992 2660 1138 2693 enormis
1163 2659 1237 2693 visa
1268 2659 1372 2692 fuerit
1397 2659 1485 2693 auch
1518 2695 1525 2702 ,

992 2705 1233 2758 urspriinglich
1257 2705 1292 2739 in
1318 2705 1378 2739 der
1402 2705 1486 2740 Con-

993 2762 1110 2786 ceseio.

1567 1973 1604 2012 5.
1645 1971 1688 2013 Si
1728 1971 1819 2024 quis
1865 1972 2004 2012 autem

1513 2040 1635 2081 super
1654 2027 1729 2076 his,
1759 2038 1864 2080 quae
1890 2025 2004 2068 vobis

1512 2084 1785 2125 concessimus
1823 2083 1888 2124 vel
1914 2093 2004 2136 per-

1513 2139 1699 2180 misimus
1737 2139 1820 2181 sive
1848 2139 1892 2180 in
1911 2137 2005 2180 civi—

1515 2198 1600 2237 tate
1639 2195 1722 2237 sive
1759 2196 1871 2236 extra
1912 2193 2006 2236 eivi-

1516 2253 1664 2301 tatem,
1713 2249 2005 2304 querimoniam

1517 2308 1626 2362 apud
1653 2307 1909 2348 maiestatem
1933 2317 2006 2347 no-

1517 2366 1646 2406 stram
1661 2362 1902 2416 deposuerit,
1918 2361 2005 2403 eius

1513 2419 1808 2474 querimoniam
1833 2431 1916 2460 non
1935 2416 2005 2458 ad-

1560 2523 1593 2564 a)
1617 2521 1738 2556 Ficker
1754 2519 1924 2555 vei-mutet
1946 2529 2006 2564 pu·
2069 2520 2073 2521 ⁷

1514 2567 1683 2602 taveritis.

1559 2622 1593 2662 b)
1607 2621 1672 2655 Die
1687 2619 1821 2655 Worte:
1838 2619 1876 2654 Si
1892 2620 2007 2654 autem

1553 2694 1560 2702 .
1587 2695 1595 2702 .
1621 2666 1768 2701 enormis
1799 2666 1875 2700 visa
1903 2663 2007 2700 fuerit

1515 2713 1627 2747 fehlen
1651 2713 1707 2747 bei
1729 2711 1892 2756 Vignati,
1927 2711 2007 2745 aber

1516 2759 1604 2793 auch
1619 2759 1655 2793 in
1673 2759 1738 2793 den
1759 2769 1825 2793 von
1839 2755 2006 2792 Muratori

1514 2806 1700 2839 beniitzten
1739 2803 1846 2839 Codd.
1881 2802 2006 2855 Mutin.

1517 2851 1608 2886 Brix.
1634 2862 1667 2885 u.
1692 2850 1802 2893 Rom„
1839 2849 1939 2884 sowie
1970 2859 2008 2883 m

1517 2897 1583 2932 den
1607 2896 1714 2932 Codd.
1731 2896 1811 2931 Vat.
1830 2906 1863 2931 u.
1877 2895 2006 2930 Bonon.
