2098 3432
29 1045 38 1067 ,b
26 830 54 1013 5‘7'3'3‘T353‘n‘f'
26 708 49 798 amnis-2
32 651 47 682 ‘up
39 591 42 593 ,
34 566 39 568 ·
41 490 53 510 ·.'

1638 300 1718 340 147

145 411 520 460 firmaverunt,
550 422 829 464 personam
858 409 1180 464 imperatoris
1212 411 1720 453 excommunicationi

146 467 514 512 subiciendam
545 469 594 509 et
620 470 818 509 extunc
846 467 894 508 in
921 470 1078 509 antea
1108 467 1218 510 eius
1248 469 1436 511 honori
1467 470 1519 510 et
1547 469 1721 510 volun-

144 525 248 568 tati
277 537 443 579 usque
475 524 536 566 ad
574 526 791 567 mortem
829 525 1250 568 immutabiliter
1279 526 1550 568 contraire
1582 529 1649 577 et,
1679 526 1720 568 si

145 582 490 637 contingeret
521 582 768 624 domnum
796 595 983 637 papam
1011 582 1121 624 vita
1151 583 1426 634 decedere,
1457 583 1721 625 neminem

145 652 197 683 se
215 640 316 682 nisi
336 639 394 681 de
414 639 534 690 illis,
555 639 639 693 qui
664 639 1094 690 coniuraverant,
1114 640 1164 681 in
1184 640 1500 695 pontificem
1522 641 1720 694 eligere.

145 697 465 752 Circumpositos
503 697 674 751 insuper
714 697 942 751 episcopos,
979 710 1031 739 ne
1072 697 1192 739 alicui
1225 699 1372 748 electo,
1402 698 1479 739 nisi
1521 698 1565 739 in
1596 711 1720 751 quem

146 753 275 797 Siculi
304 755 416 797 secta
445 754 707 804 consentiret,
736 754 780 795 in
801 754 1104 796 consecratione
1134 767 1283 797 manus
1310 755 1581 810 imponerent,
1611 756 1722 797 iura-

145 813 284 855 mento
323 811 615 854 nichilominus
657 811 1047 866 constrinxerunt.*)

257 868 530 912 Postmodum
560 869 644 910 iam
684 881 780 923 sepe
811 869 918 911 dicto
957 871 1074 924 patre
1113 871 1255 912 nostro
1295 869 1477 912 Adriano
1508 870 1722 924 Anagniae

145 926 342 969 Kalendis
373 926 602 981 Septembr.
633 925 838 977 defuncto,
869 939 1013 968 omnes
1043 927 1143 968 illuc
1163 927 1442 976 convenimus,
1474 929 1515 968 et
1545 940 1641 969 cum
1671 928 1721 969 de

145 996 308 1039 corpore
339 984 424 1026 sive
449 984 605 1025 ibidem
633 983 881 1025 tumulando
913 984 998 1026 sive
1019 984 1196 1026 Romam
1228 984 1448 1026 deferendo
1483 998 1565 1026 non
1595 997 1723 1039 parva

145 1041 351 1084 contentio
391 1041 587 1092 oriretur,
623 1040 794 1082 tandem
835 1041 1014 1083 Romam
1053 1054 1219 1096 corpore
1259 1042 1472 1096 deportato
1485 1074 1494 1091 ,
1524 1042 1639 1095 prius
1679 1043 1720 1083 in

145 1099 269 1142 verbo
285 1099 471 1141 veritatis
492 1099 576 1140 tale
606 1111 633 1152 p
646 1100 767 1140 actu
780 1111 824 1139 m
844 1098 1098 1140 unanimiter
1117 1099 1290 1141 fecimus
1312 1101 1354 1141 et
1377 1099 1528 1153 scripto
1550 1099 1723 1141 manda-

145 1155 290 1208 vimus,
311 1156 434 1210 quale
453 1169 565 1198 nunc
581 1155 794 1209 sequitur:
817 1156 877 1197 ‘In
897 1156 1064 1198 nomine
1080 1156 1248 1198 Domini
1266 1169 1398 1199 amen.
1430 1155 1723 1198 Convenerunt

146 1213 333 1270 episcopi,
353 1213 570 1268 presbiteri
591 1215 633 1255 et
653 1212 814 1254 diaconi
829 1213 1058 1270 cardinales
1081 1215 1247 1256 sanctae
1263 1215 1476 1256 Romanae
1499 1215 1722 1256 aecclesiae

145 1273 190 1313 et
216 1271 499 1327 promiserunt
529 1270 607 1313 sibi
636 1270 814 1312 invicem
843 1271 886 1312 in
916 1271 1039 1313 verbo
1070 1271 1269 1322 veritatis,
1301 1271 1412 1326 quod
1443 1270 1493 1312 de
1525 1272 1722 1314 electione

145 1327 275 1371 futuri
293 1328 498 1384 pontificis
527 1328 768 1370 tractabunt
787 1328 1019 1370 secundum
1049 1329 1395 1371 consuetudinem
1415 1328 1538 1370 istius
1569 1330 1724 1371 aeccle-

145 1385 240 1438 siae,
261 1386 415 1428 scilicet
435 1386 546 1440 quod
567 1387 840 1439 segregentur
860 1386 1024 1440 aliquae
1044 1399 1243 1441 personae
1265 1387 1315 1429 de
1337 1386 1493 1429 eisdem
1514 1386 1724 1437 fratribus,

144 1443 216 1498 qui
245 1443 416 1486 audiant
435 1444 693 1486 voluntatem
724 1443 983 1497 singulorum
1015 1446 1056 1486 et
1077 1444 1296 1498 diligenter
1326 1444 1540 1498 inquirant
1561 1446 1603 1486 et
1623 1444 1724 1486 fide-

142 1500 238 1543 liter
257 1501 500 1543 describant.
538 1501 594 1543 Et
623 1500 667 1542 si
686 1500 802 1543 Deus
823 1500 993 1552 dederit,
1024 1501 1135 1555 quod
1165 1501 1494 1544 concorditer
1522 1502 1723 1556 possint

143 1558 430 1601 convenire
475 1558 526 1601 de
565 1558 706 1612 aliqua
741 1571 918 1612 persona
962 1559 1188 1601 eorundem
1228 1559 1422 1609 fratrum,
1462 1558 1566 1601 fiat
1607 1572 1723 1601 cum

146 1615 240 1658 bon
251 1629 296 1665 ος
327 1616 391 1658 sin
421 1619 574 1667 autem,
605 1617 809 1657 tractetur
837 1619 939 1658 tunc
960 1616 1010 1659 de
1041 1618 1235 1659 extranea
1254 1629 1440 1671 persona.
1478 1615 1533 1658 Et
1563 1617 1598 1658 si
1628 1630 1724 1658 con-

144 1673 319 1715 corditer
342 1673 570 1729 poterimus
592 1673 819 1724 convenire,
834 1674 958 1723 bene3
988 1674 1064 1717 sin
1086 1675 1265 1725 autem,
1289 1675 1462 1716 nullus
1483 1674 1722 1727 procedat

143 1730 259 1773 sine
288 1731 559 1773 communi
588 1743 874 1773 consensu.
925 1731 981 1773 Et
1009 1732 1088 1774 hoc
1117 1732 1358 1774 observetur
1388 1732 1475 1774 sine
1506 1731 1650 1773 fraude
1681 1734 1723 1773 et

141 1787 252 1831 malo
267 1788 526 1844 ingenio‘.**)
555 1789 646 1830 Tali
661 1789 781 1843 pacto
796 1789 841 1830 in
855 1789 979 1831 verbo
995 1789 1182 1832 veritatis
1198 1789 1374 1840 firmato,
1390 1791 1485 1844 post
1499 1790 1722 1831 humatum

260 1925 294 1970 ¹³)
317 1925 392 1980 Das
415 1926 555 1961 weitere
578 1925 900 1970 Quellenmaterial,
926 1926 989 1961 das
1014 1926 1071 1961 fiir
1093 1926 1188 1962 djese
1213 1929 1428 1972 sogenannte
1444 1926 1723 1972 Verschworung

143 1983 208 2008 von
232 1972 441 2066 Agafnll'gzu
455 1973 1151 2056 gzmggfi;{?l}e{endesstbbfflbelrssrtienvlon
1184 2020 1235 2057 St.
1262 2021 1381 2056 Peter:
1418 2021 1576 2064 „Domno
1610 2021 1722 2066 igitur

141 2077 232 2113 papa
255 2066 411 2102 Adriano
442 2067 554 2103 felicis
589 2068 775 2103 memoriae
807 2068 918 2114 prima
954 2068 1077 2113 vigilia
1101 2067 1272 2103 Kalendis
1298 2068 1491 2114 Septembr.
1529 2069 1620 2103 viam
1645 2069 1721 2103 uni-

141 2124 259 2149 versae
283 2114 398 2150 carnis
422 2115 589 2160 ingresso,
615 2115 777 2150 convenit
800 2115 880 2150 ilico
899 2115 1053 2150 maxima
1076 2115 1280 2159 multitudo,
1307 2126 1386 2150 cum
1412 2116 1538 2161 quibus
1564 2118 1600 2150 et
1624 2127 1722 2150 sena-

140 2161 234 2196 wres
258 2161 443 2206 affuerunt,
469 2173 615 2208 quorum
635 2162 779 2197 consilio
805 2174 930 2209 corpus
954 2163 1102 2197 Romam
1130 2162 1285 2197 delatum
1303 2164 1368 2198 est.
1401 2163 1500 2197 Inter
1524 2163 1721 2197 cardinales

142 2218 220 2243 vero
243 2209 464 2244 contentione
488 2211 674 2253 crescente,
701 2210 862 2244 convenit
886 2210 1030 2245 tandem
1054 2210 1148 2244 inter
1172 2221 1241 2255 eos,
1268 2212 1309 2244 ut
1332 2210 1481 2245 Romam
1506 2210 1662 2245 redirent
1686 2212 1722 2244 et

141 2255 343 2291 concordem
367 2256 569 2292 electionem
593 2257 749 2292 facerent
782 2257 824 2292 de
850 2257 967 2303 aliquo
999 2257 1242 2293 cardinalium.
1293 2256 1394 2300 Quod
1419 2257 1447 2292 si
1474 2269 1542 2292 non
1567 2259 1721 2303 possent,

141 2304 325 2356 quererent
347 2305 548 2339 extraneam
573 2315 769 2350 personam.
819 2303 920 2346 Quod
946 2305 976 2340 si
1001 2315 1064 2339 nec
1099 2305 1150 2339 sic
1173 2307 1317 2350 possent
1342 2305 1539 2348 convenire,
1566 2305 1610 2339 ab
1635 2304 1722 2339 elec-

140 2350 235 2385 tione
259 2349 494 2396 quiescerent,
521 2351 630 2386 donec
653 2351 852 2386 invenirent
875 2351 1039 2386 idoneum
1064 2352 1197 2394 virum,
1224 2363 1326 2397 quem
1352 2351 1569 2386 concorditer
1593 2351 1721 2396 eligere

140 2395 316 2433 deberent.
362 2397 411 2432 Et
434 2397 500 2432 hoc
524 2398 737 2433 unanimiter
762 2399 805 2433 ab
832 2399 993 2433 omnibus
1020 2398 1263 2434 confirmatum
1287 2401 1353 2434 est.
1402 2399 1489 2433 Post
1512 2398 1578 2433 hoc
1603 2401 1719 2433 autem

140 2443 262 2479 statim
285 2443 433 2479 Romam
464 2445 678 2481 redierunt.“
727 2446 852 2481 Dieser
878 2446 1170 2481 Wahlvertra
1179 2457 1204 2490 g
1233 2446 1320 2480 wird
1352 2446 1514 2480 iiberdies
1546 2446 1721 2490 bestatigt

141 2489 251 2526 durch
283 2490 460 2527 Gottfried
491 2504 522 2528 ν.
547 2493 712 2528 Viterbo:
747 2492 988 2536 „Conveniunt
1010 2495 1130 2539 partes
1155 2493 1282 2536 Rome,
1308 2493 1404 2527 locus
1430 2495 1534 2538 aptus
1558 2493 1719 2527 habetur.

139 2536 224 2573 Pax
255 2548 307 2573 ne
338 2541 596 2585 rumpatur,
634 2540 759 2574 iurat
793 2542 1034 2586 utrumque
1070 2541 1233 2576 latus.“
1289 2540 1366 2574 Von
1401 2539 1721 2574 alexandrinischer

139 2583 234 2620 Seite
256 2585 344 2620 wird
367 2596 406 2620 er
429 2597 520 2621 zwar
544 2586 644 2622 nicht
669 2587 788 2622 direkt
811 2587 996 2632 bestatigt‚
1023 2588 1107 2622 aber
1124 2587 1214 2622 auch
1240 2587 1344 2622 nicht
1360 2587 1559 2622 bestritten.
1599 2587 1719 2621 Zweck

141 2631 213 2667 und
235 2631 445 2678 Bedeutung
469 2633 530 2668 des
554 2634 842 2679 Wahlvertrages
875 2634 962 2669 wird
987 2637 1061 2670 erst
1086 2635 1183 2677 klar,
1210 2646 1309 2669 wenn
1333 2645 1415 2668 man
1441 2634 1497 2668 die
1522 2633 1718 2668 Umstande

138 2677 426 2725 borficksiohtigt‚
445 2682 548 2716 unter
564 2681 674 2716 denen
692 2693 729 2716 er
745 2681 968 2717 entstanden.
1001 2681 1069 2716 Ein
1082 2681 1158 2716 Teil
1175 2681 1236 2716 der
1252 2681 1454 2720 Kardinale,
1476 2681 1564 2715 ohne
1581 2680 1718 2715 Zweifel

140 2724 196 2760 die
213 2726 477 2762 antikaiserlich
492 2728 689 2772 gesinnten,
715 2729 877 2763 wiinscht
901 2729 958 2763 die
973 2729 1199 2774 Beerdigung
1223 2728 1404 2763 Hadrians
1430 2728 1466 2762 in
1484 2727 1636 2772 Anagni‚
1662 2727 1718 2762 ein

140 2771 285 2808 andei-er
296 2773 383 2816 Teil,
398 2773 455 2809 die
470 2775 715 2820 nachmaligen
729 2774 955 2819 Oktavianer,
973 2776 1011 2810 in
1023 2775 1124 2811 Rom.
1150 2775 1308 2810 Letztere
1326 2775 1483 2819 dringen,
1502 2775 1719 2809 unterstiitzt

138 2829 206 2855 von
229 2819 296 2856 den
321 2819 523 2865 Senatoren,
549 2822 617 2857 mit
640 2822 752 2857 ihrem
775 2822 907 2857 Willen
932 2822 1054 2866 durch,
1093 2823 1176 2857 aber
1208 2825 1291 2865 erst,
1316 2822 1487 2856 nachdem
1514 2822 1574 2856 der
1597 2821 1718 2855 Wahl-

138 2867 280 2912 vertrag
295 2867 562 2913 niedergesetzt.
598 2869 672 2904 Der
690 2868 825 2913 Grund,
851 2869 1005 2904 weshalb
1024 2870 1080 2904 die
1098 2869 1406 2904 antikaiserlichen
1423 2868 1616 2903 Kardinale
1642 2868 1718 2902 sich

138 2913 287 2960 anfangs
310 2926 422 2960 gegen
438 2915 515 2951 eine
530 2915 756 2962 Beerdigung
771 2917 807 2951 in
825 2916 914 2952 Rom
932 2917 1110 2961 strauben,
1135 2917 1224 2962 liegt
1242 2917 1355 2959 damin,
1373 2915 1455 2950 dass
1474 2927 1518 2950 an
1537 2915 1613 2950 dem
1632 2915 1717 2949 Orte

1412 2963 1492 3005 10*
