2098 3432
1636 266 1718 307 241

29 377 36 384 ⁹
146 378 312 433 red[det
321 380 348 410 ὃ)
380 377 572 421 dominus
614 377 861 433 im]perator
905 377 1055 421 domno
1093 391 1198 434 pape
1241 378 1509 434 Assexandro)
1540 380 1582 421 et
1627 392 1719 422 suc-

78 475 81 479 ,
147 435 375 480 cessoribus
406 435 492 478 suis
523 437 565 477 et
593 436 671 478 toti
700 437 888 478 Romane
918 436 1098 486 ecclesie,
1143 438 1185 479 et
1213 436 1490 492 prefecturam
1518 437 1646 480 Urbis
1677 439 1719 479 et

47 509 69 547 7·
146 495 300 537 terram
329 492 536 535 comitisse
566 493 751 535 Matildis
780 493 975 535 restituet
1004 493 1040 535 ei
1078 495 1120 535 et
1150 494 1260 547 quod
1290 494 1528 536 ordinatum
1566 495 1630 537 est
1667 494 1717 537 de

14 583 16 585 -
145 550 303 595 calixto
333 551 374 592 et
383 550 415 584 ι>)
442 553 560 605 parte
591 563 668 592 sua
697 550 939 598 observabit,
970 552 1012 592 et
1041 554 1247 605 quantum
1276 551 1320 593 in
1355 564 1398 595 se
1429 551 1517 602 erit,
1547 564 1716 607 operam

19 633 22 635 >
58 606 85 658 ,
146 607 259 653 dabit
287 606 511 658 efficacem,
554 609 604 649 ut
641 608 818 650 domnus
850 607 1071 662 C(alixtus)
1112 611 1360 663 assequatur
1397 609 1507 664 quod
1546 621 1570 650 a
1598 609 1717 652 nobis

23 688 36 721 '.
146 666 188 710 et
222 664 337 708 vobis
375 665 526 720 scripto
567 666 631 707 est
673 665 921 708 ordinatum.
980 665 1070 707 Hec
1104 666 1244 708 omnia
1283 666 1405 709 faciet
1434 667 1610 709 domnus
1640 667 1718 709 im-

18 754 23 778 5
54 727 83 755 “-
142 723 319 780 perator,
349 722 457 764 sicut
478 735 503 764 a
521 722 647 773 vobis,
678 722 819 765 domni
840 722 1081 773 cardinales,
1113 724 1184 777 qui
1206 724 1258 766 ad
1279 724 1550 766 ordinandam
1569 737 1715 779 pacem

46 787 85 830 s
144 792 196 825 nx
235 781 353 836 parte
397 779 566 822 ecclesie
611 780 711 822 estis
751 780 984 830 constituti,
1029 783 1071 822 et
1106 781 1224 823 nobis
1264 781 1323 823 in
1353 781 1553 836 scripto
1584 795 1717 823 com-

22 862 26 863 *
74 846 86 886 Ῐ
140 837 370 882 muniter
398 837 664 892 disposito
696 841 760 879 est
789 837 1046 888 ordinatum,
1085 851 1186 893 pace
1228 839 1278 881 de
1309 839 1455 881 ceteris
1485 839 1604 893 plene
1634 839 1717 881 dis-

22 899 25 939 J
142 895 288 952 posita,
319 894 428 937 sicut
456 895 609 949 scripto
640 895 941 945 ordinavimus,
980 895 1045 937 vel
1075 895 1399 938 ordinaverimus
1436 909 1511 938 nos
1541 897 1606 939 vel
1637 897 1716 947 alii,

60 950 87 1004 ᾗ
143 951 216 1008 qni
259 951 312 995 ad
354 952 431 994 hec
475 951 730 1007 disponenda
775 953 856 1006 [et]
903 952 1147 1007 complenda
1190 953 1345 995 fuerint
1389 953 1594 996 constitui.
1652 954 1715 996 De

19 1026 21 1028 ·
56 1011 98 1062 j(
142 1009 350 1064 regalibus
379 1022 475 1052 vero
505 1009 614 1052 beati
644 1009 759 1051 Petri
802 1012 844 1052 et
873 1010 965 1052 aliis
994 1010 1341 1064 possessionibus,
1381 1024 1484 1065 quas
1524 1011 1716 1054 dominus

12 1067 15 1069 ’
140 1067 364 1123 imperator
392 1067 564 1110 abstulit
597 1067 663 1110 vel
692 1067 758 1109 sui
786 1068 850 1109 vel
882 1067 964 1118 alii,
995 1067 1133 1110 favore
1162 1068 1293 1122 ipsius
1326 1068 1564 1122 [iuramus]‚
1603 1069 1713 1122 quod

50 1147 75 1167 =.
143 1125 283 1181 ipsum
311 1124 511 1167 faciemus
540 1124 696 1175 iurare,
733 1125 843 1178 quod
879 1125 1035 1167 scilicet
1065 1137 1134 1176 ea,
1176 1139 1256 1179 que
1286 1126 1412 1168 habet
1442 1125 1492 1168 de
1521 1126 1715 1181 predictis

139 1194 230 1239 lpse
257 1182 324 1225 vel
352 1181 427 1232 sui,
457 1182 565 1225 bona
583 1182 663 1224 fide
692 1182 898 1232 restituet,
928 1182 978 1224 de
1007 1182 1083 1231 his,
1115 1196 1194 1237 que
1226 1183 1294 1226 alii
1314 1184 1479 1234 habent,
1508 1184 1616 1226 bona
1636 1183 1714 1226 fide

13 1256 19 1295 j
50 1237 83 1296 ζ’
142 1251 311 1295 operam
340 1239 455 1282 dabit
485 1239 736 1290 studiosam,
773 1242 822 1281 ut
861 1239 1051 1282 similiter
1089 1240 1375 1282 restituantur.
1434 1241 1489 1282 Et
1517 1240 1714 1292 iuramus,

21 1293 24 1300 '
50 1310 84 1350 ’γ
142 1297 254 1352 quod
281 1297 391 1340 bona
417 1297 498 1339 fide
529 1310 697 1352 operam
726 1297 936 1348 dabimus,
975 1291 1024 1339 ut
1061 1309 1109 1339 ea
1140 1311 1220 1352 que
1249 1298 1448 1340 iuraverit
1477 1300 1715 1352 exequatur,

7 1389 13 1395 .
43 1366 71 1410 ’
141 1356 236 1398 ou'm
263 1367 344 1410 pax
371 1355 492 1410 plene
522 1354 648 1397 fuerit
677 1354 876 1409 disposita
906 1354 956 1396 de
986 1367 1082 1409 rege
1105 1354 1242 1398 Sicilie
1273 1357 1316 1398 et
1334 1355 1575 1406 Lanbardis‚
1606 1355 1714 1398 sicut

14 1458 22 1462 ᾖ
141 1411 420 1455 ordinavimus
449 1413 514 1455 vel
535 1412 810 1455 ordinandum
831 1412 1156 1468 statuerimus.*)
1215 1413 1270 1455 Et
1299 1413 1349 1455 de
1380 1413 1537 1463 ceteris,
1569 1413 1713 1467 quein

4 1470 6 1483 ²
60 1483 71 1498 ·=
139 1469 290 1524 scripto
319 1469 503 1524 predicto
533 1469 808 1521 continentur,
838 1471 887 1512 ut
906 1469 1170 1524 impleantur,
1200 1471 1309 1512 sicut
1339 1470 1618 1513 ordinavimus
1647 1472 1713 1513 vel

144 1525 270 1571 simul
306 1526 649 1578 ordinaverimus,
694 1540 862 1582 operam
904 1527 1011 1570 bona
1047 1527 1127 1570 fide
1166 1528 1367 1571 dabimus.
1425 1528 1712 1570 Promittimus

58 1618 66 1644 ξ
145 1582 271 1629 etiam
291 1585 334 1627 et
351 1584 551 1636 iuramus,
574 1585 696 1639 quod,
718 1585 753 1627 si
774 1585 966 1628 dominus
986 1585 1221 1640 imperator,
1252 1586 1362 1639 quod
1384 1586 1501 1636 absit,
1522 1587 1713 1628 mortuus

58 1690 64 1699 ,
141 1641 265 1685 fuerit
293 1644 391 1684 ante
411 1643 762 1697 complementum
780 1642 892 1698 pacis
922 1643 1132 1685 communi
1153 1643 1304 1698 scripto
1325 1643 1532 1698 disposite,
1563 1643 1715 1686 domna

42 1717 65 1729 Δ
138 1698 340 1755 B(eatrix)
367 1699 609 1755 imperatrix
638 1702 680 1742 et
710 1700 887 1743 domnus
913 1700 1116 1742 Henricus
1146 1713 1228 1751 rex,
1258 1701 1367 1743 filius
1399 1701 1498 1751 eius,
1531 1703 1572 1743 et
1601 1702 1712 1756 prin-

0 1765 2 1802 ῗ
55 1782 65 1809 ⁴,
138 1755 249 1812 cipes
291 1757 468 1800 formam
510 1758 623 1812 pacis
667 1758 877 1800 communi
922 1758 1073 1813 scripto
1126 1758 1370 1813 dispositam
1415 1759 1711 1813 compleb[unt,

6 1820 8 1822 ’
47 1811 71 1873 ‘f
137 1812 358 1870 iurabuth
397 1816 439 1857 et
469 1815 760 1866 observabunt,
800 1816 910 1858 sicut
941 1816 1256 1870 [communther
1287 1818 1352 1858 est
1381 1816 1618 1858 ordinatum
1648 1817 1714 1859 vel

138 1938 235 1977 Knhr
265 1950 296 1976 a.
322 1951 353 1976 a.
380 1939 421 1977 Ο.
446 1940 481 1977 S.
510 1944 575 1976 103
611 1940 797 1986 korrigiert
833 1941 889 1976 die
922 1941 1065 1976 Edition
1099 1951 1144 1975 an
1179 1941 1317 1986 einigen
1351 1941 1499 1983 Stellen3
1538 1942 1596 1977 ich
1619 1942 1710 1977 habe

50 2013 55 2022 .
142 1986 235 2023 dieue
274 1986 579 2034 Verbesserungen
618 1988 655 2024 in
695 1988 832 2023 meinen
873 1988 962 2023 Text
1002 1988 1276 2033 ausgenommen.
1332 1989 1399 2024 Die
1436 1989 1615 2024 Klammer
1652 1991 1665 2035 [
1692 1992 1705 2035 ]

139 2033 342 2071 bezeichnet
365 2035 455 2071 auch
478 2035 555 2071 hier
578 2036 834 2081 Erganzungen
859 2047 902 2071 an
929 2035 1179 2081 abgeriebenen
1196 2035 1338 2071 Stellen.
1387 2036 1712 2082 Pflugk-Harttung

139 2081 299 2118 verweist
322 2082 379 2118 die
401 2082 570 2119 Urkunde
593 2083 686 2118 nach
710 2083 772 2118 der
797 2083 875 2127 Art,
909 2083 973 2118 wie
999 2083 1049 2118 sie
1072 2083 1294 2128 geschlossen
1322 2083 1381 2127 ist,
1419 2083 1456 2118 in
1489 2084 1544 2119 die
1571 2083 1729 2131 Gruppe'

37 2138 51 2175 j
141 2127 203 2165 dor
217 2127 369 2174 Sekrete,
395 2130 547 2174 „welche
561 2132 790 2175 voraussetzt,
817 2130 898 2166 dass
915 2131 966 2166 sie
983 2130 1061 2165 dem
1077 2130 1290 2176 Empfanger
1313 2131 1584 2176 zugesandt,
1610 2132 1713 2167 nicht

0 2180 2 2187 “
61 2195 63 2198 <
138 2175 336 2259 ffii'mlieh
376 2177 576 2213 iiberreicht
611 2178 695 2213 oder
730 2189 795 2223 gar
831 2178 869 2213 in
907 2178 1031 2213 dessen
1068 2176 1276 2223 Gegenwert
1319 2179 1530 2223 ausgestellt
1562 2179 1708 2215 werde“.

217 2234 236 2258 r
273 2222 447 2270 hingegen
484 2236 515 2260 a.
554 2237 585 2261 a.
623 2224 664 2262 Ο.
701 2225 736 2261 S.
778 2228 844 2260 103
879 2225 959 2260 halt
995 2236 1031 2260 es
1067 2225 1159 2260 nach
1196 2225 1258 2260 der
1292 2236 1427 2270 ganzen
1451 2225 1622 2271 Sachlage
1654 2226 1710 2261 fiir

7 2275 12 2279 ’
35 2268 39 2270 ’
63 2310 66 2311 ⁷
139 2269 340 2315 mifellos,
372 2271 455 2307 dass
487 2272 551 2307 das
581 2272 784 2308 Dokument
813 2273 903 2307 noch
931 2273 970 2308 in
992 2272 1134 2317 Anagni
1167 2273 1278 2308 selbst
1312 2273 1521 2318 ausgestellt
1546 2273 1617 2308 und
1643 2274 1709 2309 den

137 2314 475 2364 Bovollmaohfigoen
505 2319 566 2355 des
598 2320 747 2366 Papstes
780 2320 1051 2355 iiberreicht
1085 2320 1223 2355 worden
1251 2320 1310 2356 ist.
1344 2341 1388 2346 -
1422 2320 1494 2355 Der
1517 2323 1609 2356 erste
1634 2321 1709 2356 Teil

2 2368 14 2406 ,ξ
63 2371 66 2373 ’
136 2363 200 2400 der
214 2363 523 2412 Versprechungen
547 2367 684 2402 betrifft
708 2367 776 2403 den
792 2367 1124 2410 Friedensentwurf;
1153 2368 1254 2402 darin
1272 2367 1409 2403 werden
1428 2379 1494 2402 nur
1512 2368 1708 2413 diejenigen

14 2413 33 2420 ”
54 2427 64 2448 ·,
137 2409 275 2447 Artikel
292 2412 453 2448 namhaft
468 2414 644 2458 gemacht,
670 2414 774 2450 deren
791 2415 1068 2460 Durchffihrung
1090 2415 1146 2450 fiir
1164 2415 1220 2450 die
1235 2415 1344 2450 Kurie
1359 2415 1548 2450 besonders
1564 2415 1708 2459 wichtig

52 2467 62 2490 ’ἰ
138 2469 228 2503 πη
264 2459 496 2496 andererseits
527 2462 666 2497 werden
699 2462 801 2497 darin
835 2462 925 2497 auch
948 2462 1284 2507 Erganzungen
1307 2463 1481 2507 gegeben,
1515 2462 1707 2497 betreffend

36 2520 60 2538 ,-
138 2505 205 2542 deu
226 2505 375 2553 Vollzug
406 2507 468 2543 der
490 2508 790 2554 Bestimmungen.
838 2509 943 2545 Diese
969 2510 1158 2545 Promissio
1191 2510 1240 2544 ist
1269 2510 1344 2545 eine
1370 2509 1571 2544 zweifellose
1595 2509 1708 2554 Biirg-

2 2579 6 2586 ,.
138 2552 254 2589 ochaft
289 2553 400 2599 daffir,
439 2555 522 2591 dass
558 2556 615 2592 die
647 2557 878 2592 kaiserlichen
911 2556 1114 2592 Gesandten
1146 2557 1213 2592 mit
1245 2557 1340 2592 einer
1364 2557 1431 2591 den
1455 2556 1581 2592 Kaiser
1603 2556 1707 2591 bin-

139 2599 313 2636 donden
344 2601 546 2638 Vollmacht
578 2605 786 2649 ausgestellt
818 2615 950 2648 waren,
986 2615 1057 2639 was
1091 2604 1258 2649 iibrigens
1292 2604 1382 2639 auch
1407 2603 1517 2638 durch
1542 2603 1597 2638 die
1621 2603 1707 2639 Vita

137 2646 326 2731 Alghapdri
359 2649 508 2695 bezeugt
537 2651 644 2695 wird3
677 2651 857 2687 natiirlich
883 2663 999 2687 waren
1025 2651 1081 2687 die
1105 2653 1305 2687 aussersten
1327 2651 1450 2686 Linien
1476 2650 1589 2686 dieser
1611 2651 1707 2686 Voll-

59 2718 62 2724 -
137 2704 174 2730 m
280 2707 442 2742 gezogen.

253 2742 286 2787 ¹¹¹)
310 2743 431 2779 Peters
453 2755 484 2781 a.
511 2756 542 2781 a.
569 2744 610 2781 Ο.
631 2745 666 2781 S.
687 2748 732 2781 28
755 2746 894 2781 bezieht
917 2746 1035 2781 diesen
1047 2745 1246 2781 Nebensatz
1260 2746 1322 2780 auf
1331 2747 1530 2791 exequatur,
1555 2745 1706 2780 Eichner

7 2787 11 2788 ⁷
62 2786 70 2802 ⁵
92 2800 94 2802 ’
138 2798 171 2825 ὃ.
195 2799 226 2825 a.
252 2789 293 2826 Ο.
319 2789 354 2826 S.
379 2793 401 2826 8
425 2792 564 2827 bezieht
587 2792 649 2827 ihn
681 2793 748 2828 mit
779 2793 894 2828 Recht
919 2793 981 2828 auf
1002 2793 1058 2835 die
1083 2793 1227 2828 Klausel
1255 2804 1355 2837 „cum
1379 2803 1444 2838 pax
1470 2792 1574 2838 plena
1599 2794 1702 2828 etc.“.

253 2838 288 2881 a)
312 2837 397 2873 Pfl.:
421 2839 647 2886 rel[inquent.

251 2883 290 2929 b)
314 2884 399 2922 Pfl.:
423 2897 480 2930 ex;

211 2950 359 2986 Deberi,
389 2954 512 2980 nonum.
534 2954 666 2981 German.
688 2955 792 2982 selecta.
812 2957 839 2981 4.
1429 2935 1480 2975 16
