2098 3432
433 324 517 367 300

434 439 495 478 est
532 437 656 485 reisa,
702 436 849 488 aliquis
888 435 1027 484 fuerit,
1073 436 1141 488 qui
1179 436 1431 485 incendium,
1476 440 1522 477 ut
1557 437 1693 490 sepius
1725 437 1930 489 contingit,
1941 438 1968 469 ὓ)

434 493 563 540 faciat,
593 492 779 533 dominus
808 492 905 544 ipse,
935 490 1057 532 cuius'
1080 494 1141 532 est
1170 494 1286 541 reisa,
1314 493 1464 534 iurabit
1484 505 1604 546 super
1623 493 1828 546 reliquias,
1859 492 1967 545 quod

431 562 510 589 non
539 548 679 589 fecerit
709 547 970 595 conscientia,
999 548 1207 588 voluntate
1238 549 1300 589 vel
1329 549 1520 589 mandato
1552 561 1647 594 suoz
1677 561 1795 590 reum
1826 550 1964 589 autem

433 604 610 645 abicietb>
643 616 666 644 a
701 616 743 644 se
781 605 822 644 et
858 615 1071 655 nunquam
1107 605 1292 657 recipiet;
1339 605 1447 656 quod
1485 605 1518 644 si
1559 606 1699 656 postea
1728 605 1845 645 illum
1875 605 1969 645 ante

433 660 751 700 satisfactionem
771 659 978 712 receperit,
1009 661 1171 700 tenetur
1202 661 1435 701 universum
1465 660 1698 713 dampnum,
1729 660 1837 712 quod
1865 659 1934 700 ille
1945 661 1970 692 c)

433 716 649 765 commisit,
678 715 902 756 restituere.
1873 759 1875 763 Α

549 773 610 811 13.
653 771 759 812 Item
802 771 835 812 si
880 771 1087 824 contingat
1131 771 1341 812 dominum
1391 772 1568 824 aliquem
1614 772 1655 812 in
1698 772 1793 813 villa
1837 771 1974 824 aliqua

434 827 628 880 hospitari
664 827 860 868 violenter
897 829 938 867 et
975 827 1146 868 fortuitu
1183 828 1360 868 evenerit
1396 827 1561 868 domum
1601 827 1778 879 aliquam
1814 827 1972 868 incendi

435 886 476 924 et
505 883 582 932 ille,
613 883 675 923 cui
706 883 752 923 fit
782 883 1015 935 dampnum,
1056 883 1268 924 dominum
1298 883 1512 937 inpetierit,
1553 883 1660 935 quod
1689 883 1880 924 mandato
1909 883 1973 923 vel

435 939 640 980 voluntate
682 939 809 992 ipsius
852 938 1006 979 factum
1043 940 1113 988 sit,
1152 939 1330 992 primum
1370 941 1548 992 praestet
1578 941 1877 979 sacramentum
1907 951 1973 979 ca-

436 996 636 1048 lumpnie;
668 994 810 1035 deinde
842 994 1030 1035 dominus
1061 998 1255 1048 expurget
1285 1007 1327 1035 se
1353 995 1438 1035 sola
1457 1007 1594 1043 mann,
1625 995 1732 1047 quod
1752 994 1972 1043 voluntate,

434 1051 626 1091 mandato
657 1063 729 1092 suo
759 1051 822 1091 vel
852 1051 1096 1092 conscientia
1125 1063 1199 1091 sua
1229 1050 1383 1091 factum
1409 1064 1490 1092 non
1519 1050 1652 1099 fuerit,
1681 1053 1723 1092 et
1751 1050 1974 1104 dampnum

436 1107 691 1147 damnificato
727 1106 928 1147 restituat.
1750 1111 1752 1113 ’

559 1169 620 1207 14.
648 1167 755 1207 Item
785 1167 819 1207 si
847 1167 1119 1208 incendiarius
1149 1169 1291 1220 captus
1320 1167 1441 1208 fuerit
1462 1170 1502 1208 et
1522 1179 1656 1208 coram
1675 1166 1806 1207 iudice
1825 1178 1973 1218 negare

439 1223 607 1263 voluerit
636 1223 868 1263 incendium
897 1235 939 1263 se
970 1223 1236 1270 commisisse,
1276 1223 1354 1263 11131
1394 1223 1494 1263 forte
1533 1223 1738 1264 notorium
1776 1234 1848 1276 per
1883 1234 1975 1276 pro-

441 1279 605 1320 vintiam
636 1279 768 1327 fuerit,
812 1279 932 1319 iudex
963 1279 996 1319 si
1026 1279 1154 1332 possit
1183 1292 1277 1319 eum
1307 1292 1399 1320 cum
1431 1281 1587 1332 septem
1617 1278 1770 1320 idoneis
1798 1278 1973 1319 testibus

436 1335 680 1382 convincere,
711 1336 841 1388 capite
871 1335 1084 1388 plectatur.
1145 1334 1223 1376 Sed
1255 1335 1287 1375 si
1318 1335 1520 1375 notorium
1551 1336 1622 1384 est,
1661 1334 1812 1375 nullius
1842 1333 1974 1387 requi-

436 1391 608 1431 rendum
639 1393 701 1431 est
730 1391 1022 1439 testimonium,
1054 1390 1123 1431 sed
1155 1391 1295 1431 statim
1325 1391 1596 1432 decollandus.

552 1460 613 1498 15.
643 1458 750 1498 Item
781 1458 813 1498 si
844 1458 1053 1498 castellani
1083 1457 1251 1498 alicuius
1282 1458 1433 1498 domini
1470 1456 1758 1498 descendentes
1789 1468 1813 1498 a
1841 1457 1972 1498 castro

436 1515 587 1555 domini
610 1515 671 1554 sui
694 1514 926 1554 incendium
947 1513 1124 1563 fecerint,
1156 1514 1316 1554 domino
1338 1515 1502 1554 absente
1525 1526 1548 1554 a
1566 1513 1775 1566 provintia,
1797 1514 1976 1554 castrum

437 1571 587 1612 domini
618 1572 780 1623 propter
810 1571 885 1610 hoc
915 1582 994 1610 non
1025 1571 1100 1610 erit
1130 1570 1465 1618 comburendum,
1506 1569 1576 1610 sed
1606 1569 1711 1610 bona
1738 1568 1976 1610 incendiari-

437 1639 564 1675 orum,
609 1638 888 1678 quaecumque
919 1627 1032 1666 extra
1069 1627 1247 1666 castrum
1285 1628 1445 1679 reperta
1472 1625 1633 1673 fuerint,
1677 1624 1976 1666 comburantur.

436 1682 536 1723 Post
564 1682 836 1723 reversionem
865 1694 959 1723 vero
990 1682 1161 1731 domini,
1203 1682 1235 1722 si
1267 1682 1453 1722 dominus
1483 1680 1774 1722 incendiarium
1802 1680 1975 1722 retinere

438 1739 611 1779 voluerit
640 1739 681 1778 et
711 1750 734 1778 a
764 1750 805 1778 36
835 1750 916 1779 11011
946 1738 1166 1791 pepulerit,
1205 1739 1385 1778 castrum
1425 1737 1510 1778 eius
1549 1737 1735 1778 similiter
1764 1736 1840 1777 erit
1869 1749 1977 1778 com-

438 1794 678 1835 burendum.

553 1851 614 1890 16.
644 1850 751 1890 Item
771 1850 804 1890 si
825 1850 1072 1903 proscriptus
1102 1851 1265 1903 propter
1294 1849 1526 1890 incendium
1546 1849 1588 1888 in
1609 1848 1788 1900 aliquam
1809 1847 1975 1889 domum

438 1906 682 1958 confugerit,
728 1906 776 1946 de
816 1918 898 1958 qua
938 1919 1016 1947 non
1061 1907 1190 1958 possit
1233 1905 1382 1954 haberi,
1426 1905 1503 1946 nisi
1545 1905 1689 1945 domus
1726 1903 1976 1952 incendatur,

437 1964 600 2015 propter
628 1963 704 2003 hoc
734 1962 965 2002 incendium
995 1974 1074 2002 non
1107 1962 1183 2002 erit
1214 1962 1304 2013 quis
1334 1974 1404 2014 pro
1438 1961 1682 2002 incendiario
1711 1959 1973 2013 reputandus,
2000 1991 2003 1993 -

438 2019 507 2059 sed
539 2018 763 2071 dampnum
791 2031 862 2071 pro
892 2018 1074 2059 incendio
1103 2018 1316 2059 restituere
1347 2017 1475 2058 debet.

555 2077 615 2114 17.
645 2075 750 2114 Item
772 2074 805 2114 si
826 2074 1095 2115 incendiarius
1127 2087 1246 2127 super
1276 2075 1455 2114 castrum
1486 2072 1647 2125 aliquod
1677 2071 1853 2124 agitatus
1883 2084 1976 2112 con-

438 2130 588 2182 fugerit
608 2131 649 2170 et
669 2130 830 2179 domini,
860 2130 974 2171 cuius
996 2133 1057 2170 est
1077 2131 1267 2178 castrum,
1287 2129 1470 2170 fortassis
1491 2129 1677 2170 dominus
1694 2127 1757 2168 vel
1778 2127 1976 2168 vassallus

438 2187 502 2228 vel
532 2186 854 2238 consanguineus
884 2186 1015 2234 suerit,
1046 2186 1232 2227 dominus
1262 2186 1328 2226 ille
1358 2197 1439 2226 non
1471 2185 1590 2225 debet
1619 2196 1711 2225 eum
1731 2195 1977 2236 persequen-

438 2243 546 2283 tibus
576 2244 891 2295 repraesentare,
922 2243 991 2283 sed
1021 2242 1175 2283 iuvabit
1205 2254 1299 2282 eum
1329 2254 1353 2282 a
1382 2243 1512 2282 castro
1542 2241 1583 2281 in
1613 2240 1756 2281 silvam
1782 2239 1844 2280 vel
1865 2239 1975 2288 alias,

438 2299 509 2339 ubi
538 2311 705 2339 securus
736 2298 810 2339 sibi
839 2298 1033 2339 videatur.
1045 2299 1072 2328 (1)
1131 2297 1247 2348 Quod
1279 2298 1312 2338 si
1341 2310 1415 2338 nec
1445 2297 1633 2338 dominus
1671 2308 1745 2336 nec
1774 2295 1973 2337 vassallus

437 2367 512 2395 nec
541 2357 736 2406 cognatus
766 2354 908 2403 fuerit,
946 2354 1282 2407 persequentibus
1319 2366 1412 2394 eum
1443 2353 1582 2394 statim
1610 2352 1885 2405 repraesentet
1912 2351 1976 2392 vel

439 2423 533 2451 cum
563 2423 608 2451 eo
638 2410 679 2450 in
710 2410 851 2451 eadem
881 2411 998 2464 culpa
1028 2410 1093 2451 sit.

554 2478 616 2518 18.
649 2477 940 2518 Statuimus
971 2477 1165 2518 etiamffl
1197 2479 1247 2518 et
1277 2476 1447 2518 eodem
1477 2475 1747 2516 firmiter
1775 2474 1975 2521 edicto

440 2533 727 2582 sancimus,
767 2535 842 2583 ut,
874 2534 1223 2586 quicumquef)
1254 2533 1342 2573 alii
1372 2532 1644 2585 dampnum
1674 2529 1847 2571 facere
1876 2531 1977 2571 aut

442 2591 607 2643 ipsum
635 2589 815 2631 ledere
847 2589 1105 2639 intendat,
1133 2589 1304 2630 tribus
1343 2588 1407 2629 ad
1447 2588 1615 2628 minus
1646 2588 1766 2627 ante
1795 2586 1976 2627 diebus

440 2659 531 2699 per
559 2647 769 2687 certum
798 2647 1043 2687 nuntium
1073 2658 1218 2686 suum
1248 2644 1562 2685 diffiduciet
1583 2655 1704 2683 eum.

556 2703 617 2742 19.
647 2700 763 2752 Quod
802 2702 835 2743 si
873 2703 982 2743 lesus
1021 2701 1317 2743 diffiduciatum
1351 2713 1393 2742 se
1423 2699 1547 2741 fuisse
1558 2702 1586 2732 g)
1615 2709 1763 2750 negare
1793 2697 1974 2746 voluerit,

557 2834 590 2877 a)
616 2833 669 2867 M:
695 2832 851 2876 contigit.
899 2832 936 2874 b)
960 2831 1016 2865 M:
1048 2831 1220 2876 aproiciet.
1269 2831 1299 2872 c)
1326 2830 1413 2864 fehlt
1436 2829 1491 2863 bei
1515 2829 1562 2864 M.
1612 2828 1647 2873 d)
1674 2827 1728 2862 M:
1765 2837 1903 2861 securus
1927 2827 1975 2860 sit

440 2879 623 2914 iudicatus.
672 2882 702 2919 e)
726 2878 782 2912 M:
807 2878 899 2923 quin.
947 2877 975 2922 f)
1001 2877 1052 2911 M:
1078 2877 1242 2922 quisquis.
1291 2879 1326 2920 g)
1352 2875 1439 2910 fehlt
1462 2875 1516 2909 bei
1540 2875 1586 2910 M.
