2098 3432
1599 273 1683 314 223

3 378 19 430 ·
38 413 69 430 ,
112 385 288 421 venientes
312 384 434 419 habito
458 384 733 419 Lombardorum
758 385 904 419 consilio
930 384 991 419 diu
1016 395 1095 419 cum
1121 385 1330 431 imperatore
1354 385 1452 431 pacis
1476 385 1686 431 colloquium

38 435 59 471 ἦ
109 431 318 468 habuerunt.
354 430 423 466 Sed
447 442 526 466 cum
551 442 661 477 neque
687 431 883 467 cardinales
908 442 1020 477 neque
1037 431 1226 466 Lombardi
1251 432 1403 478 aliquem
1419 432 1573 467 fructum
1589 433 1686 478 pacis

34 505 42 511 ,.
111 479 155 515 ab
177 478 386 525 imperatore
410 477 574 524 consequi
598 478 813 524 potuissent,
848 478 1045 513 cardinales
1070 481 1107 513 et
1130 479 1318 514 Lombardi
1356 479 1494 514 infectis
1531 480 1684 525 negotiis

3 539 6 541 ·
48 572 50 574 Υ
109 525 156 562 ad
178 525 318 608 Ρτοὲἔίε.
342 525 532 560 redierunt.

283 572 381 607 nales
405 571 626 607 Colonienses
651 573 819 608 Maximi:
846 572 940 607 Ante
964 573 1140 618 pascalem
1165 573 1464 618 sollempnitatem
1490 573 1684 609 coniuratio

107 619 253 704 ffidis
284 630 346 666 per
377 630 513 654 omnem
537 619 818 664 Longobardiam
855 622 978 654 contra
1016 620 1261 666 imperatorem
1299 622 1337 655 et
1369 631 1449 655 suos
1487 621 1582 656 facta
1618 623 1683 658 est.

43 679 48 695 ι

205 666 324 702 anatis
339 666 459 712 itaque
476 666 620 710 viribus,
646 667 936 710 Mediolanenses,
961 667 1190 710 Veronenses,
1216 667 1460 711 Novarienses‚
1486 668 1684 703 Brixienses

108 712 324 760 aliarumque
347 713 475 748 Italiae
498 713 640 748 urbium
672 714 791 760 populi
826 714 1065 749 incredibilem
1090 714 1282 749 conduxere
1307 714 1516 759 exercitum,
1551 715 1684 750 indicto

46 772 49 773 ⁷
107 760 199 808 bello
222 760 362 808 publico
386 760 588 806 imperatori
614 761 650 795 in
675 761 807 806 campis
833 761 1075 796 Alexandriae.
1127 760 1202 803 Quo
1238 761 1396 805 cognito,
1433 762 1623 808 imperator
1647 763 1682 797 in

31 810 60 845 *ὲ
106 808 186 856 ipsa
208 807 367 855 paschali
391 808 652 853 sollempnitate
672 808 783 854 primo
809 808 962 843 diluculo
980 809 1023 842 ab
1049 808 1229 843 obsidione
1245 808 1479 843 Alexandriae
1502 809 1677 853 recedens,

30 870 54 901 χ
107 866 187 892 cum
220 855 380 890 omnibus
411 855 520 900 copiis
555 855 606 889 eis
639 855 775 890 obviam
811 867 888 890 cum
920 855 1055 900 ingenti
1082 855 1306 890 animositate
1331 856 1501 901 processit
1525 859 1562 891 et
1585 857 1681 892 intra

48 936 50 938 .
107 902 210 940 nnius
242 902 397 948 sagittae
431 902 565 937 iactum
600 902 700 937 iuxta
736 902 889 937 tentoria
925 902 1080 937 hostium
1119 904 1236 937 castra
1272 903 1401 948 posuit.
1450 902 1592 938 Terruit
1615 903 1680 938 hoc

105 949 362 995 langobardos,
388 949 516 995 quibus
541 960 676 995 semper
702 951 865 996 suspecta
889 951 966 984 erat
990 949 1102 984 virtus
1127 949 1432 985 Theutonicorum.
1473 950 1547 984 Nec
1571 962 1680 994 mora,

258 997 345 1032 feria
368 995 497 1042 pasche
524 996 669 1042 signifer
694 996 845 1040 illorum,
871 997 1082 1031 ammonitus
1109 1007 1129 1030 a
1153 996 1236 1039 filio,
1263 996 1375 1042 quiin
1406 999 1506 1043 parte
1524 997 1684 1033 Caesaris

107 1043 297 1088 militabat,
322 1043 532 1089 colloquium
557 1045 722 1089 expetens
746 1043 898 1090 episcopi
917 1043 1131 1079 Coloniensis
1156 1045 1193 1078 et
1219 1044 1449 1089 quorumdam
1474 1044 1682 1091 principum,

105 1091 172 1128 hoc
193 1091 338 1127 consilio
362 1093 399 1126 et
421 1101 591 1136 persuasu
617 1102 678 1125 suo
703 1091 830 1134 effecit,
856 1091 949 1136 quod
975 1102 1092 1125 omnes
1110 1091 1331 1135 Longobardi
1355 1091 1470 1136 magis
1495 1102 1615 1137 pacem
1642 1103 1682 1126 ac

106 1138 243 1175 veniam
266 1149 372 1185 quam
396 1137 527 1173 bellum
551 1140 717 1184 cuperent
742 1149 820 1172 cum
845 1138 1054 1184 imperatore
1079 1137 1177 1173 inire.
1217 1138 1342 1184 Itaque
1367 1138 1479 1173 omnis
1504 1138 1567 1173 illa
1583 1139 1684 1174 terri-

105 1185 188 1223 bilis
219 1185 375 1222 hostium
406 1185 498 1220 acies
531 1185 576 1219 ad
601 1187 719 1220 castra
744 1185 904 1220 Caesaris
940 1187 1139 1231 prostrata,
1177 1196 1297 1231 pacem
1336 1188 1372 1220 et
1408 1185 1683 1221 misericordiam

105 1233 319 1280 postussabat,
344 1232 456 1267 nudos
481 1232 519 1267 in
544 1232 735 1267 cervicibus
759 1232 898 1277 gladios
923 1234 1116 1278 portantes.
1167 1232 1306 1277 (Dieser
1330 1232 1683 1278 Unterwerfungsakt

105 1279 193 1316 vird
215 1279 391 1325 bestatigt
414 1279 524 1314 durch
542 1279 598 1314 die
614 1279 768 1314 Annales
785 1279 1118 1324 Magdeburgenses,
1144 1279 1255 1314 durch
1272 1278 1358 1315 Otto
1376 1291 1441 1314 von
1461 1279 1512 1315 St.
1529 1280 1681 1324 Blasien,

106 1326 282 1364 Gotttried
306 1339 338 1363 v.
363 1326 508 1362 Viterbo
533 1338 567 1362 u.
593 1326 796 1362 Tolosanus.
846 1326 926 1370 Vgl.
961 1326 1050 1361 auch
1085 1326 1209 1369 Bosol)
1259 1326 1431 1362 Certatim
1466 1338 1601 1374 quoque
1637 1328 1681 1362 ad

104 1374 154 1411 im
236 1376 348 1410 torem
373 1375 562 1418 currentes,
587 1374 714 1409 vexilla
738 1376 943 1409 cunctarum
970 1374 1108 1408 urbium
1135 1373 1203 1419 ipsi
1220 1373 1496 1418 resignaverunt,
1524 1375 1585 1410 alii
1603 1386 1681 1410 vero

102 1385 261 1469 pnfliedih,
285 1421 430 1468 quidam
453 1421 570 1467 pedes,
596 1421 753 1456 nonnulli
781 1421 973 1456 tentorium
999 1421 1220 1466 imperatoris
1247 1421 1550 1465 exosculabantur,
1576 1421 1680 1457 fidem

105 1471 322 1506 sacramento
345 1468 537 1504 firmantes.
587 1469 792 1503 Interventu
818 1479 954 1514 quoque
980 1479 1097 1502 eorum
1114 1467 1474 1503 Alexandrinensibus
1499 1480 1608 1515 usque
1635 1470 1680 1504 ad

105 1517 292 1552 terminum
317 1516 404 1551 Maii
428 1515 558 1550 mensis
583 1527 704 1562 pacem
730 1516 890 1550 indulsit.
941 1514 1076 1558 Quibus
1093 1515 1215 1559 gestis,
1241 1517 1378 1561 partem
1403 1516 1557 1550 militum
1584 1528 1680 1562 repa-

104 1563 212 1599 triare
248 1564 408 1610 permisit
433 1563 622 1609 (bestatigt
647 1563 757 1598 durch
783 1563 839 1598 die
865 1562 1255 1607 Zeugenverzeichnisse
1281 1563 1342 1597 der
1366 1563 1558 1598 Urkunden
1581 1563 1681 1608 jener

69 1605 77 1610 ³
106 1610 193 1655 Zeit,
217 1610 342 1646 Ficker
355 1622 387 1646 a.
414 1622 446 1646 a.
463 1609 505 1646 O.
532 1609 567 1646 S.
586 1612 674 1646 320.-
691 1610 772 1654 Vgl.
799 1610 890 1644 auch
915 1609 1053 1655 Boso!)‚
1080 1609 1356 1655 opulentioribus
1381 1621 1496 1645 secum
1521 1612 1678 1647 retentis.

103 1657 178 1694 Noc
199 1658 311 1694 multo
334 1659 416 1704 post
438 1657 672 1702 Longobardi,
706 1657 902 1703 penitentes
928 1668 990 1703 pro
1016 1656 1284 1699 Alexandrinis,
1319 1657 1524 1703 imperatori
1549 1658 1680 1694 denun-

103 1705 292 1749 ciaverunt,
317 1716 355 1741 se
379 1705 518 1740 omnino
543 1707 801 1740 sacramentum
826 1704 908 1739 fidei
934 1704 1135 1747 violaturos,
1169 1704 1238 1739 nisi
1263 1704 1612 1740 Alexandrinos
1637 1706 1679 1740 in

103 1752 366 1788 conditione
397 1752 530 1787 illius
563 1752 693 1798 pacis
727 1753 970 1787 consortes
1000 1751 1206 1787 haberet.
1257 1751 1446 1797 (Robertus
1473 1752 1516 1787 de
1540 1752 1678 1788 Monte:

103 1798 307 1836 Tractatum
337 1800 406 1835 fuit
437 1799 479 1834 de
513 1799 733 1834 reformanda
772 1810 856 1845 pace
888 1799 980 1834 inter
1015 1798 1181 1833 domnum
1213 1810 1338 1845 papam
1373 1801 1410 1834 et
1441 1799 1574 1845 ipsum;
1617 1800 1678 1834 sed

105 1846 115 1854 “
194 1849 292 1883 rator
314 1847 429 1883 noluit
453 1846 675 1892 adquiescere
701 1847 778 1892 paci
805 1848 960 1881 stante
985 1845 1291 1889 Alexandria,
1325 1857 1430 1892 quam
1455 1847 1677 1891 Longobardi

102 1857 289 1930 ffimt
301 1895 512 1930 subvertere.
545 1893 757 1929 Tolosanus:
784 1893 922 1938 Singuli
947 1904 1028 1938 ergo
1055 1893 1174 1939 populi
1200 1893 1245 1927 ad
1270 1894 1411 1940 propria
1426 1894 1557 1928 reversi
1574 1897 1676 1938 sunt;

103 1941 168 1979 sed
189 1943 375 1988 postquam
399 1941 657 1984 intellexerunt,
683 1941 864 1976 civitatem
882 1940 1132 1976 Alexandriam
1149 1940 1273 1975 debere
1299 1940 1432 1975 destrui
1459 1943 1496 1976 et
1520 1941 1570 1976 eis
1588 1942 1678 1976 alias

104 1998 266 2025 onerosas
290 1989 506 2024 conditiones
531 1989 718 2031 observari,
745 1988 917 2035 quidquid
942 1990 1094 2023 rectores
1118 1988 1287 2030 fecerunt,
1325 1988 1466 2034 penitus
1493 1988 1678 2032 violarunt,

102 2035 338 2072 instrumenta
361 2036 457 2083 pacis
483 2037 638 2071 tenorem
664 2036 882 2071 continentia
905 2035 1100 2070 incidentes
1132 2034 1169 2069 in
1194 2035 1334 2080 frusta.)
1386 2034 1447 2070 Set
1471 2035 1680 2081 imperatore

103 2082 142 2119 id
177 2085 380 2127 recusante,
418 2083 545 2118 iterum
581 2093 676 2118 more
713 2094 775 2118 suo
812 2082 1034 2127 Longobardi
1072 2081 1172 2116 fedus
1209 2082 1360 2128 periurio
1397 2083 1546 2118 solvunt.
1603 2082 1680 2126 Qua

102 2131 310 2166 necessitate
334 2130 463 2167 Caesar
486 2130 669 2176 impulsus,
695 2142 757 2176 per
781 2141 881 2165 omne
905 2129 1160 2164 Theutonicum
1186 2140 1333 2174 regnum
1359 2129 1501 2164 directis
1526 2131 1676 2174 nunciis,

102 2188 228 2214 novum
251 2178 440 2214 exercitum
465 2177 613 2212 adunari
638 2178 803 2224 precepit.
847 2198 887 2203 -—
925 2176 1106 2212 Romuasd
1140 2176 1231 2211 lasst
1258 2179 1346 2213 1177
1380 2188 1420 2211 zu
1446 2177 1595 2212 Ferrara
1620 2178 1676 2212 die

103 2224 322 2261 lombarden
347 2225 427 2261 dem
450 2225 580 2271 Papste
605 2226 805 2270 gegeniiber
829 2225 1005 2259 erklaren:
1045 2224 1147 2270 „Ipse
1171 2223 1390 2269 (imperator)
1425 2235 1574 2270 namque
1600 2236 1679 2271 sepe

102 2272 203 2308 nobis
225 2283 346 2320 pacem
371 2273 446 2308 sine
470 2272 617 2307 ecclesia
641 2273 784 2316 obtulit,
810 2283 873 2306 nec
898 2271 1110 2318 recepimus;
1146 2271 1366 2306 concordiam
1400 2271 1579 2307 nobiscum
1605 2273 1679 2307 sine

104 2319 201 2355 vobis
225 2321 336 2356 facere
361 2319 483 2363 voluit,
508 2331 572 2354 nec
597 2319 826 2363 admisimus;
852 2319 966 2364 magis
992 2318 1084 2353 enim
1110 2318 1268 2353 volumus
1291 2329 1453 2363 guerram
1479 2319 1574 2353 illius
1600 2331 1678 2354 cum

104 2366 246 2403 ecclesie
271 2367 409 2402 unitate
432 2367 628 2410 incurrere,
663 2378 768 2412 quam
794 2378 914 2413 pacem
939 2366 1014 2401 eius
1041 2377 1119 2400 cum
1144 2366 1286 2400 ecclesie
1312 2365 1481 2401 divisione
1506 2369 1678 2410 servare,“

103 2413 176 2450 und
199 2425 241 2450 zu
264 2414 442 2459 Venedig:
469 2413 566 2458 „Que
591 2425 630 2449 eo
655 2416 811 2460 tempore
836 2413 1010 2459 completa
1035 2413 1171 2455 fuisset,
1197 2413 1285 2447 nisi
1312 2424 1333 2458 q
1343 2412 1412 2447 uia
1436 2413 1679 2458 imperator

103 2461 292 2497 volebat
315 2474 395 2497 nos
420 2463 472 2497 ab
499 2462 700 2497 ecclesie
725 2462 912 2497 unitate
936 2461 1149 2496 recedere
1178 2462 1215 2495 et
1239 2460 1429 2495 Alexandri
1453 2472 1542 2506 pape
1566 2462 1679 2506 ponti-

102 2506 219 2544 ficium
244 2508 464 2555 denegare“.]

717 2604 764 2653 a)
795 2603 1062 2658 Vorvertraq.

548 2687 655 2733 (Mon.
683 2686 799 2723 Germ.
824 2688 916 2733 legg.
941 2688 990 2732 Π,
1020 2690 1228 2727 145-147.)

214 2763 266 2806 In
292 2765 459 2807 nominc
479 2763 658 2806 Domini.
702 2764 814 2805 Talis
844 2763 1060 2806 concordia
1089 2763 1198 2805 facta
1229 2764 1293 2804 est
1322 2763 1430 2804 inter
1460 2762 1673 2804 dominum

102 2820 364 2864 Fredericum
399 2821 477 2863 Dei
515 2822 648 2875 gratia
686 2821 981 2864 Romanorum*
1009 2821 1302 2875 imperatorem
1341 2821 1383 2861 et
1421 2820 1675 2861 Lombardos

104 2879 146 2920 et
179 2878 440 2922 Marchianos
479 2880 521 2920 et
557 2878 740 2921 Venetos
784 2880 910 2932 atque
952 2878 1201 2920 Romaniam
1237 2879 1279 2919 et
1322 2889 1487 2919 omnem
1532 2889 1675 2918 eorum
