2098 3432
458 312 484 351 2

456 422 640 463 vitutis
670 422 788 474 iugo
810 422 985 464 amodo
1017 424 1217 470 careat;
1249 424 1289 463 et
1310 423 1392 464 suis
1413 423 1568 476 legibus
1589 424 1650 464 uti
1669 425 1811 473 liccat;
1833 439 1986 480 nosque

455 490 593 519 omnes
646 490 738 518 cum
775 479 954 519 subiecta
989 479 1103 532 plebe
1143 479 1354 531 temporali
1391 479 1646 532 perfruamur
1682 482 1985 534 tranquillitate.

455 534 740 575 Contestamur
770 534 892 574 etiam
923 534 1176 576 dilectionem
1205 536 1404 575 vestram:
1444 537 1489 575 ut
1526 548 1666 589 pacem
1697 537 1845 579 credito
1873 539 1985 580 vobis

454 590 595 630 celitus
634 589 780 642 populo
819 590 924 630 infra
959 591 1252 643 praescriptum
1291 591 1423 631 curiae
1462 593 1682 632 terminum
1722 595 1762 633 et
1798 593 1907 635 ultra
1936 595 1986 636 ad

455 648 627 698 quatuor
667 645 908 687 ebdomadas
951 647 1159 695 ordinetis,
1200 646 1392 698 quatinus
1423 647 1607 688 omnibus
1638 649 1764 690 tutior
1791 649 1864 690 fiat
1893 663 1986 692 con—

454 714 594 742 cursus
634 714 679 742 ac
718 702 893 750 reditus3
939 705 980 743 et
1016 705 1062 743 ut
1092 702 1312 751 curialiter,
1349 715 1459 744 more
1498 703 1683 745 videlicet
1724 705 1985 758 antiquorum

450 758 694 811 principum,
737 770 830 798 cum
866 759 1025 811 propria
1064 759 1266 812 impensa,
1305 759 1509 799 neminem
1537 772 1764 813 pauperum
1793 761 1984 811 ledentes,

450 813 706 855 conveniatis.

787 982 834 1038 ΙΙ.
869 982 1058 1038 Narratio
1093 983 1142 1038 de
1176 983 1371 1038 electione
1405 983 1648 1045 Letharii.*)

898 1072 1002 1116 (Mon.
1029 1071 1141 1106 Germ.
1168 1071 1226 1107 SS.
1253 1072 1334 1114 XII,
1363 1072 1546 1116 509-12.)

575 1146 718 1190 [Wegen
750 1146 810 1179 der
832 1146 1055 1180 Ahnlichkeit
1086 1146 1144 1180 des
1168 1146 1367 1190 Vorganges
1400 1158 1440 1180 zu
1464 1146 1578 1180 Mainz
1606 1149 1693 1181 1125
1716 1147 1782 1181 mit
1805 1147 1882 1182 dem
1904 1147 1988 1182 Vor-

462 1203 573 1236 gange
606 1204 644 1226 zu
669 1192 869 1226 For-chheim
897 1195 982 1226 1077
1017 1194 1106 1226 setze
1130 1192 1185 1225 ich
1211 1192 1284 1226 hier
1309 1192 1363 1225 die
1386 1192 1504 1226 Worte
1527 1193 1661 1226 Brunos
1684 1193 1768 1227 fiber
1792 1193 1846 1228 die
1869 1193 1987 1228 Wahl-

455 1238 683 1283 kapitulation
707 1238 852 1272 Rudolfs
876 1250 938 1271 von
964 1238 1188 1273 Rheinfelden
1214 1249 1345 1273 voraus.
1383 1238 1498 1272 Bruno
1524 1250 1552 1273 c.
1579 1241 1641 1272 91:
1666 1238 1795 1273 Tamen
1819 1240 1986 1285 quaedam

455 1287 535 1318 sunt
566 1285 614 1318 ibi
647 1295 769 1318 causae
801 1285 994 1328 specialiter
1018 1286 1195 1329 exceptae,
1227 1295 1331 1329 quas,
1364 1285 1445 1328 quia
1467 1284 1594 1319 iniuste
1617 1285 1816 1329 viguerant,
1849 1285 1986 1320 deberet

453 1330 650 1373 emendare;
677 1331 868 1364 scilicetut
892 1331 1184 1375 episcopatus
1199 1342 1281 1364 non
1305 1342 1381 1376 pro
1405 1331 1549 1375 pretio
1574 1342 1648 1365 nec
1671 1341 1750 1376 pro
1775 1331 1986 1366 amicitia

451 1377 601 1418 daret,
628 1376 701 1410 sed
718 1377 950 1420 unicuique
969 1377 1182 1411 ecclesiae
1201 1377 1249 1410 de
1267 1377 1358 1411 suis
1374 1377 1660 1420 electionem,
1686 1376 2013 1412 sicutiubent·

449 1434 660 1464 canones,
692 1423 987 1467 permitteret.
1035 1423 1110 1457 Hoc
1135 1423 1239 1457 etiam
1263 1423 1311 1457 ibi
1337 1434 1502 1457 consensu
1526 1423 1695 1457 communi
1718 1423 1984 1469 comprobatum,

446 1468 591 1502 Romani
616 1468 785 1513 pontificis
811 1469 1014 1503 auctoritate
1039 1471 1092 1503 est
1116 1469 1388 1512 corroboratum,
1413 1471 1463 1503 ut
1486 1469 1615 1513 regia
1637 1470 1842 1514 potestas
1865 1469 1984 1504 nulli

444 1526 523 1559 per
562 1515 880 1557 hereditatem,
921 1515 1039 1549 sicut
1076 1517 1171 1549 ante
1203 1515 1294 1549 fuit
1330 1515 1628 1558 consuetudo,
1674 1515 1871 1558 cederat,
1909 1515 1983 1550 sed

444 1561 579 1594 filius
614 1561 756 1604 regis,
793 1562 923 1595 etiam
961 1562 995 1595 si
1031 1562 1159 1595 valde
1197 1561 1364 1606 dignus
1401 1563 1537 1604 esset,
1575 1561 1721 1607 potius
1756 1572 1832 1606 per
1867 1561 1981 1596 elee-

445 1607 606 1641 tionem
641 1609 946 1651 spontaneam,
983 1619 1109 1652 quam
1139 1619 1219 1652 per
1250 1607 1558 1642 successionis
1590 1607 1757 1642 lineam
1788 1618 1862 1642 rex
1885 1618 1984 1653 pro-

445 1653 633 1695 veniret3
667 1653 701 1686 si
733 1664 829 1687 vero
862 1665 940 1687 non
970 1656 1096 1688 esset
1130 1654 1296 1697 dignus
1329 1654 1451 1698 regis
1483 1654 1629 1696 filius,
1666 1653 1733 1687 vel
1765 1653 1806 1688 si
1836 1653 1984 1688 nollet

444 1710 534 1732 eum
564 1699 772 1744 populus,
805 1710 925 1744 quem
960 1711 1102 1743 regem
1134 1700 1276 1734 facere
1306 1700 1445 1734 vellet
1474 1700 1661 1734 haberet
1683 1699 1726 1734 in
1749 1700 1984 1745 potestate

443 1756 523 1790 pop
534 1744 644 1778 ulus.
685 1745 751 1778 His
768 1746 922 1779 omnibus
939 1746 1096 1789 legaliter
1113 1746 1321 1792 constitutis,
1347 1746 1532 1780 Rodulfum
1550 1746 1695 1780 electum
1712 1755 1826 1789 regem
1841 1745 1980 1789 Mogon—

447 1791 532 1824 tiam
557 1802 632 1824 cum
657 1802 780 1834 magno
804 1791 928 1825 honore
954 1792 1136 1826 deducunt.
1169 1813 1212 1817 —
1246 1793 1338 1826 Uber
1371 1792 1426 1826 die
1449 1792 1553 1826 Wahl
1578 1791 1687 1826 selber
1710 1791 1777 1835 vgl.
1803 1791 1890 1826 Paul
1914 1802 1979 1826 von

442 1837 618 1880 Bernried,
642 1837 725 1870 Vita
742 1836 842 1881 Greg.
859 1837 936 1872 VII.
954 1849 981 1872 c.
999 1841 1150 1881 88—90,
1175 1841 1331 1881 93—98;
1356 1838 1562 1880 Watterich,
1586 1838 1657 1872 Vit.
1675 1837 1775 1872 Pont.
1792 1837 1821 1876 I,
1848 1839 1913 1872 526
1930 1837 1978 1882 fil]

559 1914 587 1945 1.
624 1911 665 1949 In
698 1911 791 1944 curia
823 1922 929 1956 nuper
953 1912 1149 1956 Mogontiae
1182 1913 1353 1946 celebrata
1379 1912 1461 1957 quid
1487 1912 1630 1956 dignum
1654 1911 1823 1946 memoria
1845 1912 1982 1955 gestum

442 1957 562 1998 fuerit,
595 1957 742 2001 qualiter
775 1958 894 1991 electio
919 1958 1008 2001 regis
1032 1959 1252 2003 processerit,
1284 1959 1433 1992 breviter
1457 1960 1572 1992 cartae
1595 1957 1857 1992 mandavimus..
1898 1956 1982 1992 Con-

442 2003 594 2046 gregatis
626 2003 734 2046 igitur
748 2003 828 2036 hinc
844 2004 922 2037 inde
946 2005 1167 2049 principibus,
1194 2005 1318 2048 legatis
1345 2005 1477 2038 scilicet
1501 2004 1615 2038 domni
1640 2002 1837 2048 apostolici,
1873 2003 1982 2037 arehi-

443 2049 619 2094 episcopis,
644 2049 820 2094 episcopis,
847 2050 1041 2093 abbatibus,
1067 2051 1259 2096 prepositis,
1277 2050 1418 2092 clericis,
1436 2050 1623 2092 monachis,
1643 2049 1798 2092 ducibus,
1816 2048 1982 2083 marchio-

442 2095 563 2137 nibus,
590 2094 781 2138 comitibus,
808 2096 994 2140 ceterisque
1019 2097 1201 2139 nobilibus,
1229 2098 1313 2141 quot
1337 2098 1372 2130 et
1397 2098 1542 2141 quantos
1566 2096 1665 2130 nulla
1689 2097 1759 2129 tem
1786 2105 1842 2129 ore
1865 2097 1981 2129 nostro

444 2141 538 2174 curia
564 2142 701 2184 ceperat
728 2161 764 2165 -
793 2144 911 2186 utpote
937 2154 1019 2187 quos
1043 2155 1109 2176 non
1134 2142 1321 2188 imperialis
1346 2145 1387 2176 ut
1411 2144 1490 2176 ante
1514 2143 1686 2187 potestas,
1712 2151 1748 2175 se
1796 2140 1982 2175 eommunis

442 2187 581 2220 maximi
599 2187 730 2230 negotii
746 2188 931 2222 necessitas
949 2189 1134 2222 assciverat
1158 2209 1199 2213 —
1218 2189 1329 2233 prima
1354 2188 1408 2222 die
1423 2188 1634 2222 Brixinensis
1661 2186 1798 2230 electus,
1824 2186 1979 2221 discussa

555 2303 586 2345 *)
612 2301 778 2335 Wiewohl
804 2301 857 2335 die
882 2301 1044 2335 Narratio
1069 2301 1167 2336 nicht
1191 2313 1231 2335 zu
1257 2302 1321 2336 (len
1346 2301 1604 2336 Aktenstiicken
1629 2300 1774 2345 gehen,
1809 2299 1898 2334 habe
1921 2299 1977 2334 ich

441 2349 488 2382 sie
513 2348 665 2382 dennoch
690 2348 724 2381 in
751 2347 841 2381 diese
859 2348 1059 2391 Saminlung
1084 2348 1285 2382 aufnehmen
1311 2359 1351 2382 zu
1377 2348 1483 2382 sollcn
1507 2347 1685 2391 geglaubt,
1709 2345 1836 2380 einmal
1862 2356 1980 2389 wegen

440 2394 532 2428 ihrer
555 2393 783 2437 Wichtigkeit
806 2394 860 2426 fiir
885 2393 939 2427 die
966 2394 1128 2428 deutsche
1151 2393 1579 2437 Verfassungsgeschichte
1614 2392 1686 2426 und
1713 2391 1804 2426 dann
1829 2391 1905 2426 weil
1930 2391 1979 2426 sie

440 2441 475 2473 in
502 2441 560 2474 der
585 2439 840 2483 Schulausgabe
866 2439 924 2473 der
950 2439 1136 2484 Scriptores
1162 2440 1257 2474 fehlt.
1293 2440 1363 2473 Der
1389 2439 1572 2473 Verfasser
1595 2438 1644 2472 ist
1667 2438 1722 2472 ein
1745 2437 1981 2472 unbekannter

439 2486 613 2527 Kleriker,
638 2485 919 2519 wahrscheinlich
955 2485 1008 2518 ein
1036 2485 1277 2519 Osterreicher.
1320 2485 1478 2519 Dieselbe
1502 2485 1552 2519 ist
1575 2487 1689 2518 zuerst
1710 2483 1800 2518 nach
1825 2483 1884 2518 der
1908 2483 1976 2517 ein-

438 2532 534 2576 zigen
560 2530 751 2574 Getweiger
780 2531 1007 2564 Handschrift
1029 2531 1304 2577 herausgegeben
1329 2532 1463 2565 worden
1487 2542 1551 2565 von
1575 2531 1658 2572 Pez,
1694 2530 1820 2564 zuletzt
1850 2529 1888 2563 in
1912 2528 1977 2563 den

437 2578 528 2612 Mon.
559 2577 671 2612 Germ.
695 2577 775 2610 hist.
801 2588 865 2610 von
893 2577 1133 2611 Wattenbach.
1173 2572 1268 2611 Uber
1293 2578 1341 2611 sie
1365 2578 1432 2621 vgl.
1458 2578 1567 2611 neben
1593 2577 1657 2610 den
1682 2576 1813 2610 alter-en
1828 2574 1977 2609 Werken

439 2635 502 2658 von
529 2622 680 2664 Gervais,
705 2623 869 2656 Heinrich
885 2623 925 2656 V.
951 2623 1021 2656 und
1046 2623 1173 2657 Lothar
1198 2623 1262 2658 III.
1288 2623 1358 2657 und
1382 2622 1490 2665 Jaffe,
1514 2623 1662 2656 Lothar:
1687 2621 1882 2665 Friedberg‚
1913 2620 1978 2654 Die

439 2670 602 2703 Narratio
629 2669 670 2703 de
694 2669 856 2702 electione
871 2668 1026 2702 Lotharii
1043 2669 1296 2713 (Forschungen
1312 2669 1408 2711 VIII,
1428 2672 1470 2703 77
1489 2669 1538 2710 ff.)
1562 2669 1628 2702 mit
1644 2667 1736 2702 einer
1752 2666 1976 2701 Nachsehn'ft

439 2727 503 2749 von
515 2715 628 2749 Waitz
647 2715 679 2749 S.
700 2717 763 2756 893
788 2715 968 2756 Niemann,
986 2714 1091 2748 Wahl
1107 2715 1253 2749 Lothars
1270 2726 1334 2749 von
1352 2715 1502 2748 Sachsen
1519 2725 1594 2748 zum
1614 2713 1805 2748 deutschen
1820 2711 1972 2756 Konige;

438 2762 602 2803 Wichert‚
629 2761 732 2794 Wahl
766 2761 911 2794 Lothars
937 2761 1000 2794 III.
1036 2772 1111 2794 zum
1149 2761 1335 2795 deutschen
1369 2761 1502 2804 Kenige
1535 2759 1688 2803 (Forsch.
1713 2758 1802 2801 XII,
1837 2761 1881 2793 55
1905 2757 1976 2801 ff.);

440 2807 661 2842 Giesebrecht
677 2806 736 2847 IV,
763 2810 783 2840 3
808 2807 841 2840 ff.
867 2817 899 2840 u.
925 2806 1045 2847 Anm.;
1071 2807 1276 2849 Bernhardi‚
1301 2806 1420 2841 Jahrb.
1449 2806 1481 2841 d.
1507 2806 1539 2841 d.
1569 2805 1609 2841 G.
1635 2807 1738 2839 unter
1760 2803 1891 2838 Lothar
1913 2803 1977 2839 ΙΠ.

439 2853 472 2888 S.
500 2856 542 2887 23
568 2853 602 2888 ff.
634 2853 735 2886 nebst
758 2853 866 2886 einem
891 2852 1023 2886 Exkurs
1048 2851 1080 2885 S.
1107 2855 1173 2886 818
1198 2853 1250 2886 ff.:
1281 2852 1532 2895 Wattenbach,
1566 2849 1906 2895 Geschiehtequellen
1929 2848 1977 2892 H,

440 2899 473 2934 S.
492 2902 575 2942 2233
601 2898 884 2932 Maurenbrecher
909 2908 938 2932 a.
965 2909 994 2932 a.
1021 2897 1060 2932 Ο.
1088 2897 1121 2932 S.
1150 2901 1213 2932 137
1239 2897 1274 2931 ff.
