<?xml version="1.0" encoding="UTF-8"?>
<!DOCTYPE html PUBLIC "-//W3C//DTD XHTML 1.0 Transitional//EN"
    "http://www.w3.org/TR/xhtml1/DTD/xhtml1-transitional.dtd">
<html xmlns="http://www.w3.org/1999/xhtml" xml:lang="en" lang="en">
 <head>
  <title>
</title>
<meta http-equiv="Content-Type" content="text/html;charset=utf-8" />
  <meta name='ocr-system' content='tesseract 3.04.00' />
  <meta name='ocr-capabilities' content='ocr_page ocr_carea ocr_par ocr_line ocrx_word'/>
</head>
<body>
  <div class='ocr_page' id='page_1' title='image "./monumentagermani04doebuoft_0190.png"; bbox 0 0 2098 3432; ppageno 0'>
   <div class='ocr_carea' id='block_1_1' title="bbox 450 297 529 339">
    <p class='ocr_par' dir='ltr' id='par_1_1' title="bbox 450 297 529 339">
     <span class='ocr_line' id='line_1_1' title="bbox 450 297 529 339; baseline 0.013 -1"><span class='ocrx_word' id='word_1_1' title='bbox 450 297 529 339; x_wconf 87' lang='grc'>176</span> 
     </span>
    </p>
   </div>
   <div class='ocr_carea' id='block_1_2' title="bbox 437 410 1196 1255">
    <p class='ocr_par' dir='ltr' id='par_1_2' title="bbox 443 410 1196 575">
     <span class='ocr_line' id='line_1_2' title="bbox 445 410 1195 464; baseline 0.009 -15"><span class='ocrx_word' id='word_1_2' title='bbox 445 410 640 451; x_wconf 78' lang='lat' dir='ltr'>sathanae</span> <span class='ocrx_word' id='word_1_3' title='bbox 688 410 731 451; x_wconf 91' lang='lat' dir='ltr'>in</span> <span class='ocrx_word' id='word_1_4' title='bbox 792 410 1003 454; x_wconf 90' lang='lat' dir='ltr'>interitum</span> <span class='ocrx_word' id='word_1_5' title='bbox 1053 414 1195 464; x_wconf 87' lang='lat' dir='ltr'>carnis,</span> 
     </span>
     <span class='ocr_line' id='line_1_3' title="bbox 445 466 1196 519; baseline 0.008 -14"><span class='ocrx_word' id='word_1_6' title='bbox 445 468 491 506; x_wconf 92' lang='lat' dir='ltr'>ut</span> <span class='ocrx_word' id='word_1_7' title='bbox 521 466 687 519; x_wconf 89' lang='lat' dir='ltr'>spiritus</span> <span class='ocrx_word' id='word_1_8' title='bbox 718 467 853 508; x_wconf 87' lang='lat' dir='ltr'>salvus</span> <span class='ocrx_word' id='word_1_9' title='bbox 879 468 933 509; x_wconf 92' lang='lat' dir='ltr'>sit</span> <span class='ocrx_word' id='word_1_10' title='bbox 962 469 1003 509; x_wconf 90' lang='lat' dir='ltr'>in</span> <span class='ocrx_word' id='word_1_11' title='bbox 1024 470 1087 510; x_wconf 91' lang='lat' dir='ltr'>die</span> <span class='ocrx_word' id='word_1_12' title='bbox 1114 471 1196 512; x_wconf 92' lang='lat' dir='ltr'>Do-</span> 
     </span>
     <span class='ocr_line' id='line_1_4' title="bbox 443 522 598 575; baseline 0 -13"><span class='ocrx_word' id='word_1_13' title='bbox 443 522 598 575; x_wconf 85' lang='lat' dir='ltr'>mini.*)</span> 
     </span>
    </p>

    <p class='ocr_par' dir='ltr' id='par_1_3' title="bbox 437 596 1195 1255">
     <span class='ocr_line' id='line_1_5' title="bbox 440 596 1195 646; baseline 0.008 -11"><span class='ocrx_word' id='word_1_14' title='bbox 440 596 633 646; x_wconf 80' lang='lat' dir='ltr'>(15)Illud</span> <span class='ocrx_word' id='word_1_15' title='bbox 642 597 765 638; x_wconf 91' lang='lat' dir='ltr'>etiam</span> <span class='ocrx_word' id='word_1_16' title='bbox 777 597 1027 640; x_wconf 82' lang='lat' dir='ltr'><strong>discretionis</strong></span> <span class='ocrx_word' id='word_1_17' title='bbox 1038 602 1195 641; x_wconf 87' lang='lat' dir='ltr'>vestrae</span> 
     </span>
     <span class='ocr_line' id='line_1_6' title="bbox 442 651 1195 705; baseline 0.007 -13"><span class='ocrx_word' id='word_1_18' title='bbox 442 651 700 704; x_wconf 77' lang='lat' dir='ltr'>prudentiam</span> <span class='ocrx_word' id='word_1_19' title='bbox 729 653 917 695; x_wconf 89' lang='lat' dir='ltr'>volumus</span> <span class='ocrx_word' id='word_1_20' title='bbox 947 668 1027 696; x_wconf 90' lang='lat' dir='ltr'>non</span> <span class='ocrx_word' id='word_1_21' title='bbox 1057 656 1195 705; x_wconf 86' lang='lat' dir='ltr'>latere,</span> 
     </span>
     <span class='ocr_line' id='line_1_7' title="bbox 442 708 1195 764; baseline 0.007 -16"><span class='ocrx_word' id='word_1_22' title='bbox 442 708 657 749; x_wconf 88' lang='lat' dir='ltr'>manifeste</span> <span class='ocrx_word' id='word_1_23' title='bbox 669 721 756 750; x_wconf 89' lang='lat' dir='ltr'>esse</span> <span class='ocrx_word' id='word_1_24' title='bbox 766 709 1074 762; x_wconf 88' lang='lat' dir='ltr'>deprehensum,</span> <span class='ocrx_word' id='word_1_25' title='bbox 1087 713 1195 764; x_wconf 91' lang='lat' dir='ltr'>quod</span> 
     </span>
     <span class='ocr_line' id='line_1_8' title="bbox 442 764 1195 809; baseline 0.008 -6"><span class='ocrx_word' id='word_1_26' title='bbox 442 764 651 805; x_wconf 88' lang='lat' dir='ltr'>Rolandus</span> <span class='ocrx_word' id='word_1_27' title='bbox 673 765 935 807; x_wconf 88' lang='lat' dir='ltr'>cancellarius</span> <span class='ocrx_word' id='word_1_28' title='bbox 957 768 998 807; x_wconf 89' lang='lat' dir='ltr'>et</span> <span class='ocrx_word' id='word_1_29' title='bbox 1018 767 1104 808; x_wconf 90' lang='lat' dir='ltr'>eius</span> <span class='ocrx_word' id='word_1_30' title='bbox 1133 780 1195 809; x_wconf 90' lang='lat' dir='ltr'>se—</span> 
     </span>
     <span class='ocr_line' id='line_1_9' title="bbox 443 821 1193 873; baseline 0.007 -13"><span class='ocrx_word' id='word_1_31' title='bbox 443 832 590 872; x_wconf 86' lang='lat' dir='ltr'>quaces</span> <span class='ocrx_word' id='word_1_32' title='bbox 609 821 775 873; x_wconf 89' lang='lat' dir='ltr'>quidam</span> <span class='ocrx_word' id='word_1_33' title='bbox 790 822 1024 872; x_wconf 79' lang='lat' dir='ltr'>cardinales,</span> <span class='ocrx_word' id='word_1_34' title='bbox 1034 823 1193 865; x_wconf 85' lang='lat' dir='ltr'>vivente</span> 
     </span>
     <span class='ocr_line' id='line_1_10' title="bbox 442 876 1194 930; baseline 0.007 -14"><span class='ocrx_word' id='word_1_35' title='bbox 442 876 574 917; x_wconf 89' lang='lat' dir='ltr'>adhuc</span> <span class='ocrx_word' id='word_1_36' title='bbox 617 889 723 930; x_wconf 91' lang='lat' dir='ltr'>papa</span> <span class='ocrx_word' id='word_1_37' title='bbox 765 877 960 926; x_wconf 87' lang='lat' dir='ltr'>Adriano,</span> <span class='ocrx_word' id='word_1_38' title='bbox 1010 880 1194 920; x_wconf 86' lang='lat' dir='ltr'>coniura-</span> 
     </span>
     <span class='ocr_line' id='line_1_11' title="bbox 441 933 1192 977; baseline 0.007 -5"><span class='ocrx_word' id='word_1_39' title='bbox 441 934 597 973; x_wconf 90' lang='lat' dir='ltr'>verunt.</span> <span class='ocrx_word' id='word_1_40' title='bbox 658 933 754 974; x_wconf 86' lang='lat' dir='ltr'>Fuit</span> <span class='ocrx_word' id='word_1_41' title='bbox 786 935 926 975; x_wconf 88' lang='lat' dir='ltr'>autem</span> <span class='ocrx_word' id='word_1_42' title='bbox 955 936 1071 976; x_wconf 92' lang='lat' dir='ltr'>tenor</span> <span class='ocrx_word' id='word_1_43' title='bbox 1100 948 1192 977; x_wconf 87' lang='lat' dir='ltr'>con-</span> 
     </span>
     <span class='ocr_line' id='line_1_12' title="bbox 439 988 1192 1041; baseline 0.008 -14"><span class='ocrx_word' id='word_1_44' title='bbox 439 988 661 1038; x_wconf 89' lang='lat' dir='ltr'>iurationis‚</span> <span class='ocrx_word' id='word_1_45' title='bbox 683 990 801 1041; x_wconf 83' lang='lat' dir='ltr'>quod,</span> <span class='ocrx_word' id='word_1_46' title='bbox 831 990 865 1031; x_wconf 90' lang='lat' dir='ltr'>si</span> <span class='ocrx_word' id='word_1_47' title='bbox 886 990 942 1031; x_wconf 90' lang='lat' dir='ltr'>eis</span> <span class='ocrx_word' id='word_1_48' title='bbox 963 991 1192 1033; x_wconf 87' lang='lat' dir='ltr'>viventibus</span> 
     </span>
     <span class='ocr_line' id='line_1_13' title="bbox 440 1045 1192 1097; baseline 0.007 -14"><span class='ocrx_word' id='word_1_49' title='bbox 440 1056 588 1097; x_wconf 89' lang='lat' dir='ltr'>papam</span> <span class='ocrx_word' id='word_1_50' title='bbox 619 1045 846 1087; x_wconf 90' lang='lat' dir='ltr'>Adrianum</span> <span class='ocrx_word' id='word_1_51' title='bbox 890 1047 991 1088; x_wconf 89' lang='lat' dir='ltr'>mori</span> <span class='ocrx_word' id='word_1_52' title='bbox 1036 1048 1192 1088; x_wconf 90' lang='lat' dir='ltr'>contin-</span> 
     </span>
     <span class='ocr_line' id='line_1_14' title="bbox 441 1101 1190 1152; baseline 0.007 -12"><span class='ocrx_word' id='word_1_53' title='bbox 441 1102 566 1152; x_wconf 88' lang='lat' dir='ltr'>geret,</span> <span class='ocrx_word' id='word_1_54' title='bbox 596 1101 843 1143; x_wconf 78' lang='lat' dir='ltr'>cardinalem</span> <span class='ocrx_word' id='word_1_55' title='bbox 873 1115 1003 1143; x_wconf 89' lang='lat' dir='ltr'>unum</span> <span class='ocrx_word' id='word_1_56' title='bbox 1032 1103 1081 1144; x_wconf 92' lang='lat' dir='ltr'>de</span> <span class='ocrx_word' id='word_1_57' title='bbox 1110 1104 1190 1145; x_wconf 90' lang='lat' dir='ltr'>illis</span> 
     </span>
     <span class='ocr_line' id='line_1_15' title="bbox 439 1156 1191 1210; baseline 0.007 -14"><span class='ocrx_word' id='word_1_58' title='bbox 439 1156 646 1208; x_wconf 81' lang='lat' dir='ltr'>eligerent,</span> <span class='ocrx_word' id='word_1_59' title='bbox 678 1158 748 1210; x_wconf 92' lang='lat' dir='ltr'>qui</span> <span class='ocrx_word' id='word_1_60' title='bbox 776 1158 819 1199; x_wconf 89' lang='lat' dir='ltr'>in</span> <span class='ocrx_word' id='word_1_61' title='bbox 849 1158 990 1200; x_wconf 89' lang='lat' dir='ltr'>eadem</span> <span class='ocrx_word' id='word_1_62' title='bbox 1009 1159 1191 1201; x_wconf 90' lang='lat' dir='ltr'>coniura-</span> 
     </span>
     <span class='ocr_line' id='line_1_16' title="bbox 437 1212 917 1255; baseline 0.006 -3"><span class='ocrx_word' id='word_1_63' title='bbox 437 1212 545 1254; x_wconf 90' lang='lat' dir='ltr'>tione</span> <span class='ocrx_word' id='word_1_64' title='bbox 577 1215 685 1255; x_wconf 89' lang='lat' dir='ltr'>esset</span> <span class='ocrx_word' id='word_1_65' title='bbox 714 1214 917 1255; x_wconf 85' lang='lat' dir='ltr'>astrictus.</span> 
     </span>
    </p>
   </div>
   <div class='ocr_carea' id='block_1_3' title="bbox 427 1287 1188 2407">
    <p class='ocr_par' dir='ltr' id='par_1_4' title="bbox 427 1287 1188 2407">
     <span class='ocr_line' id='line_1_17' title="bbox 438 1287 1188 1342; baseline 0.005 -16"><span class='ocrx_word' id='word_1_66' title='bbox 438 1287 526 1340; x_wconf 90' lang='lat'>(16)</span> <span class='ocrx_word' id='word_1_67' title='bbox 537 1287 598 1328; x_wconf 91' lang='lat' dir='ltr'>De</span> <span class='ocrx_word' id='word_1_68' title='bbox 609 1289 765 1330; x_wconf 89' lang='lat' dir='ltr'>caetero</span> <span class='ocrx_word' id='word_1_69' title='bbox 783 1301 830 1329; x_wconf 85' lang='lat' dir='ltr'>ex</span> <span class='ocrx_word' id='word_1_70' title='bbox 845 1290 960 1342; x_wconf 91' lang='lat' dir='ltr'>parte</span> <span class='ocrx_word' id='word_1_71' title='bbox 971 1289 1047 1330; x_wconf 91' lang='lat' dir='ltr'>Dei</span> <span class='ocrx_word' id='word_1_72' title='bbox 1060 1290 1188 1330; x_wconf 91' lang='lat' dir='ltr'>omni-</span> 
     </span>
     <span class='ocr_line' id='line_1_18' title="bbox 436 1343 1187 1398; baseline 0.004 -15"><span class='ocrx_word' id='word_1_73' title='bbox 436 1343 614 1395; x_wconf 90' lang='lat' dir='ltr'>potentis</span> <span class='ocrx_word' id='word_1_74' title='bbox 631 1345 672 1384; x_wconf 90' lang='lat' dir='ltr'>et</span> <span class='ocrx_word' id='word_1_75' title='bbox 686 1344 899 1386; x_wconf 89' lang='lat' dir='ltr'>beatorum</span> <span class='ocrx_word' id='word_1_76' title='bbox 912 1345 1187 1398; x_wconf 88' lang='lat' dir='ltr'>apostolorum</span> 
     </span>
     <span class='ocr_line' id='line_1_19' title="bbox 435 1398 1187 1443; baseline 0.004 -4"><span class='ocrx_word' id='word_1_77' title='bbox 435 1398 548 1440; x_wconf 92' lang='lat' dir='ltr'>Petri</span> <span class='ocrx_word' id='word_1_78' title='bbox 579 1401 620 1440; x_wconf 93' lang='lat' dir='ltr'>et</span> <span class='ocrx_word' id='word_1_79' title='bbox 639 1399 759 1441; x_wconf 86' lang='lat' dir='ltr'>Pauli</span> <span class='ocrx_word' id='word_1_80' title='bbox 789 1403 830 1441; x_wconf 92' lang='lat' dir='ltr'>et</span> <span class='ocrx_word' id='word_1_81' title='bbox 859 1401 1041 1442; x_wconf 91' lang='lat' dir='ltr'>omnium</span> <span class='ocrx_word' id='word_1_82' title='bbox 1072 1413 1187 1443; x_wconf 87' lang='lat' dir='ltr'>sanc-</span> 
     </span>
     <span class='ocr_line' id='line_1_20' title="bbox 434 1456 1185 1506; baseline 0.004 -11"><span class='ocrx_word' id='word_1_83' title='bbox 434 1456 571 1496; x_wconf 91' lang='lat' dir='ltr'>torum</span> <span class='ocrx_word' id='word_1_84' title='bbox 602 1457 643 1496; x_wconf 86' lang='lat' dir='ltr'>et</span> <span class='ocrx_word' id='word_1_85' title='bbox 661 1456 841 1498; x_wconf 88' lang='lat' dir='ltr'>virorum</span> <span class='ocrx_word' id='word_1_86' title='bbox 861 1457 1185 1506; x_wconf 87' lang='lat' dir='ltr'>orthodoxorum,</span> 
     </span>
     <span class='ocr_line' id='line_1_21' title="bbox 436 1511 1187 1563; baseline 0.005 -13"><span class='ocrx_word' id='word_1_87' title='bbox 436 1511 506 1563; x_wconf 89' lang='lat' dir='ltr'>qui</span> <span class='ocrx_word' id='word_1_88' title='bbox 526 1511 659 1553; x_wconf 90' lang='lat' dir='ltr'>divino</span> <span class='ocrx_word' id='word_1_89' title='bbox 679 1512 832 1553; x_wconf 87' lang='lat' dir='ltr'>intuitu</span> <span class='ocrx_word' id='word_1_90' title='bbox 853 1513 903 1554; x_wconf 90' lang='lat' dir='ltr'>ad</span> <span class='ocrx_word' id='word_1_91' title='bbox 923 1513 1187 1554; x_wconf 90' lang='lat' dir='ltr'>rescindenda</span> 
     </span>
     <span class='ocr_line' id='line_1_22' title="bbox 435 1567 1186 1618; baseline 0.004 -11"><span class='ocrx_word' id='word_1_92' title='bbox 435 1567 627 1608; x_wconf 78' lang='lat' dir='ltr'>scismata</span> <span class='ocrx_word' id='word_1_93' title='bbox 663 1571 952 1618; x_wconf 86' lang='lat' dir='ltr'>convenerunt,</span> <span class='ocrx_word' id='word_1_94' title='bbox 990 1570 1186 1610; x_wconf 89' lang='lat' dir='ltr'>universi-</span> 
     </span>
     <span class='ocr_line' id='line_1_23' title="bbox 434 1625 1187 1679; baseline 0.005 -16"><span class='ocrx_word' id='word_1_95' title='bbox 434 1625 563 1664; x_wconf 88' lang='lat' dir='ltr'>tatem</span> <span class='ocrx_word' id='word_1_96' title='bbox 598 1627 776 1665; x_wconf 89' lang='lat' dir='ltr'>vestram</span> <span class='ocrx_word' id='word_1_97' title='bbox 806 1625 1014 1666; x_wconf 89' lang='lat' dir='ltr'>humiliter</span> <span class='ocrx_word' id='word_1_98' title='bbox 1042 1625 1187 1679; x_wconf 92' lang='lat' dir='ltr'>implo-</span> 
     </span>
     <span class='ocr_line' id='line_1_24' title="bbox 433 1681 1186 1731; baseline 0.004 -11"><span class='ocrx_word' id='word_1_99' title='bbox 433 1691 571 1721; x_wconf 86' lang='lat' dir='ltr'>ramus</span> <span class='ocrx_word' id='word_1_100' title='bbox 611 1682 651 1721; x_wconf 90' lang='lat' dir='ltr'>et</span> <span class='ocrx_word' id='word_1_101' title='bbox 690 1693 903 1722; x_wconf 89' lang='lat' dir='ltr'>monemus</span> <span class='ocrx_word' id='word_1_102' title='bbox 940 1681 983 1722; x_wconf 90' lang='lat' dir='ltr'>in</span> <span class='ocrx_word' id='word_1_103' title='bbox 1014 1681 1186 1731; x_wconf 88' lang='lat' dir='ltr'>Christo,</span> 
     </span>
     <span class='ocr_line' id='line_1_25' title="bbox 433 1737 1184 1791; baseline 0.005 -16"><span class='ocrx_word' id='word_1_104' title='bbox 433 1737 479 1775; x_wconf 90' lang='lat' dir='ltr'>ut</span> <span class='ocrx_word' id='word_1_105' title='bbox 500 1748 556 1785; x_wconf 83' lang='lat' dir='ltr'>ea,</span> <span class='ocrx_word' id='word_1_106' title='bbox 588 1749 691 1788; x_wconf 89' lang='lat' dir='ltr'>quae</span> <span class='ocrx_word' id='word_1_107' title='bbox 723 1737 916 1778; x_wconf 89' lang='lat' dir='ltr'>aecclesia</span> <span class='ocrx_word' id='word_1_108' title='bbox 935 1737 1010 1778; x_wconf 92' lang='lat' dir='ltr'>Dei</span> <span class='ocrx_word' id='word_1_109' title='bbox 1031 1737 1184 1791; x_wconf 87' lang='lat' dir='ltr'>Papiae</span> 
     </span>
     <span class='ocr_line' id='line_1_26' title="bbox 433 1793 1184 1845; baseline 0.004 -13"><span class='ocrx_word' id='word_1_110' title='bbox 433 1795 677 1845; x_wconf 85' lang='lat' dir='ltr'>congregata</span> <span class='ocrx_word' id='word_1_111' title='bbox 698 1793 748 1834; x_wconf 90' lang='lat' dir='ltr'>ad</span> <span class='ocrx_word' id='word_1_112' title='bbox 767 1794 963 1835; x_wconf 86' lang='lat' dir='ltr'>honorem</span> <span class='ocrx_word' id='word_1_113' title='bbox 983 1793 1184 1835; x_wconf 84' lang='lat' dir='ltr'>Creatoris</span> 
     </span>
     <span class='ocr_line' id='line_1_27' title="bbox 434 1849 1183 1901; baseline 0.004 -13"><span class='ocrx_word' id='word_1_114' title='bbox 434 1849 475 1888; x_wconf 90' lang='lat' dir='ltr'>et</span> <span class='ocrx_word' id='word_1_115' title='bbox 504 1861 674 1901; x_wconf 85' lang='lat' dir='ltr'>sponsae</span> <span class='ocrx_word' id='word_1_116' title='bbox 705 1862 813 1899; x_wconf 89' lang='lat' dir='ltr'>suae,</span> <span class='ocrx_word' id='word_1_117' title='bbox 842 1850 986 1890; x_wconf 86' lang='lat' dir='ltr'>matris</span> <span class='ocrx_word' id='word_1_118' title='bbox 1015 1851 1183 1899; x_wconf 91' lang='lat' dir='ltr'>vestrae,</span> 
     </span>
     <span class='ocr_line' id='line_1_28' title="bbox 432 1906 1183 1948; baseline 0.004 -4"><span class='ocrx_word' id='word_1_119' title='bbox 432 1907 711 1946; x_wconf 87' lang='lat' dir='ltr'>sacrosanctae</span> <span class='ocrx_word' id='word_1_120' title='bbox 732 1906 940 1947; x_wconf 87' lang='lat' dir='ltr'>Romanae</span> <span class='ocrx_word' id='word_1_121' title='bbox 967 1906 1183 1948; x_wconf 88' lang='lat' dir='ltr'>aecclesiae</span> 
     </span>
     <span class='ocr_line' id='line_1_29' title="bbox 430 1961 1182 2013; baseline 0.004 -13"><span class='ocrx_word' id='word_1_122' title='bbox 430 1961 773 2013; x_wconf 87' lang='lat' dir='ltr'>tranquillitatem</span> <span class='ocrx_word' id='word_1_123' title='bbox 827 1964 868 2003; x_wconf 94' lang='lat' dir='ltr'>et</span> <span class='ocrx_word' id='word_1_124' title='bbox 911 1962 961 2002; x_wconf 89' lang='lat' dir='ltr'>ad</span> <span class='ocrx_word' id='word_1_125' title='bbox 1007 1963 1182 2003; x_wconf 87' lang='lat' dir='ltr'>salutem</span> 
     </span>
     <span class='ocr_line' id='line_1_30' title="bbox 431 2017 1182 2059; baseline 0.003 -2"><span class='ocrx_word' id='word_1_126' title='bbox 431 2017 614 2057; x_wconf 89' lang='lat' dir='ltr'>omnium</span> <span class='ocrx_word' id='word_1_127' title='bbox 658 2018 972 2059; x_wconf 88' lang='lat' dir='ltr'>christianorum</span> <span class='ocrx_word' id='word_1_128' title='bbox 1010 2018 1182 2059; x_wconf 89' lang='lat' dir='ltr'>fideliter</span> 
     </span>
     <span class='ocr_line' id='line_1_31' title="bbox 430 2073 1182 2123; baseline 0.004 -11"><span class='ocrx_word' id='word_1_129' title='bbox 430 2073 639 2122; x_wconf 85' lang='lat' dir='ltr'>ordinavit,</span> <span class='ocrx_word' id='word_1_130' title='bbox 660 2086 741 2123; x_wconf 85' lang='lat' dir='ltr'>vos,</span> <span class='ocrx_word' id='word_1_131' title='bbox 761 2074 872 2115; x_wconf 89' lang='lat' dir='ltr'>omni</span> <span class='ocrx_word' id='word_1_132' title='bbox 893 2074 1014 2115; x_wconf 91' lang='lat' dir='ltr'>dubio</span> <span class='ocrx_word' id='word_1_133' title='bbox 1036 2075 1077 2115; x_wconf 93' lang='lat' dir='ltr'>et</span> <span class='ocrx_word' id='word_1_134' title='bbox 1097 2087 1182 2115; x_wconf 89' lang='lat' dir='ltr'>am-</span> 
     </span>
     <span class='ocr_line' id='line_1_32' title="bbox 430 2128 1182 2183; baseline 0.004 -15"><span class='ocrx_word' id='word_1_135' title='bbox 430 2128 627 2181; x_wconf 87' lang='lat' dir='ltr'>biguitate</span> <span class='ocrx_word' id='word_1_136' title='bbox 656 2132 823 2179; x_wconf 87' lang='lat' dir='ltr'>remota,</span> <span class='ocrx_word' id='word_1_137' title='bbox 854 2130 1182 2183; x_wconf 84' lang='lat' dir='ltr'>irrefragabiliter</span> 
     </span>
     <span class='ocr_line' id='line_1_33' title="bbox 429 2186 1180 2235; baseline 0.003 -10"><span class='ocrx_word' id='word_1_138' title='bbox 429 2187 519 2225; x_wconf 85' lang='lat' dir='ltr'>rata</span> <span class='ocrx_word' id='word_1_139' title='bbox 557 2188 597 2226; x_wconf 92' lang='lat' dir='ltr'>et</span> <span class='ocrx_word' id='word_1_140' title='bbox 626 2186 744 2226; x_wconf 92' lang='lat' dir='ltr'>firma</span> <span class='ocrx_word' id='word_1_141' title='bbox 773 2186 967 2233; x_wconf 82' lang='lat' dir='ltr'>teneatis3</span> <span class='ocrx_word' id='word_1_142' title='bbox 1008 2188 1180 2235; x_wconf 91' lang='lat' dir='ltr'>orantes,</span> 
     </span>
     <span class='ocr_line' id='line_1_34' title="bbox 429 2242 1179 2295; baseline 0.003 -14"><span class='ocrx_word' id='word_1_143' title='bbox 429 2243 476 2281; x_wconf 94' lang='lat' dir='ltr'>ut</span> <span class='ocrx_word' id='word_1_144' title='bbox 523 2242 755 2295; x_wconf 86' lang='lat' dir='ltr'>redemptor</span> <span class='ocrx_word' id='word_1_145' title='bbox 807 2245 944 2283; x_wconf 90' lang='lat' dir='ltr'>noster</span> <span class='ocrx_word' id='word_1_146' title='bbox 991 2242 1179 2284; x_wconf 86' lang='lat' dir='ltr'>Christus</span> 
     </span>
     <span class='ocr_line' id='line_1_35' title="bbox 428 2297 1180 2352; baseline 0.003 -15"><span class='ocrx_word' id='word_1_147' title='bbox 428 2297 574 2338; x_wconf 88' lang='lat' dir='ltr'>Ihesus</span> <span class='ocrx_word' id='word_1_148' title='bbox 592 2298 862 2340; x_wconf 89' lang='lat' dir='ltr'>universalem</span> <span class='ocrx_word' id='word_1_149' title='bbox 879 2298 1109 2352; x_wconf 85' lang='lat' dir='ltr'>pontificem</span> <span class='ocrx_word' id='word_1_150' title='bbox 1139 2300 1180 2340; x_wconf 90' lang='lat' dir='ltr'>et</span> 
     </span>
     <span class='ocr_line' id='line_1_36' title="bbox 427 2355 1178 2407; baseline 0.001 -13"><span class='ocrx_word' id='word_1_151' title='bbox 427 2366 575 2407; x_wconf 89' lang='lat' dir='ltr'>papam</span> <span class='ocrx_word' id='word_1_152' title='bbox 624 2357 810 2395; x_wconf 90' lang='lat' dir='ltr'>nostrum</span> <span class='ocrx_word' id='word_1_153' title='bbox 858 2355 1080 2404; x_wconf 90' lang='lat' dir='ltr'>Victorem,</span> <span class='ocrx_word' id='word_1_154' title='bbox 1130 2355 1178 2395; x_wconf 90' lang='lat' dir='ltr'>de</span> 
     </span>
    </p>
   </div>
   <div class='ocr_carea' id='block_1_4' title="bbox 423 2501 1177 2869">
    <p class='ocr_par' dir='ltr' id='par_1_5' title="bbox 423 2501 1177 2869">
     <span class='ocr_line' id='line_1_37' title="bbox 474 2501 1176 2542; baseline 0.003 -7"><span class='ocrx_word' id='word_1_155' title='bbox 474 2501 506 2542; x_wconf 82' lang='grc'>*)</span> <span class='ocrx_word' id='word_1_156' title='bbox 530 2501 596 2535; x_wconf 90' lang='lat' dir='ltr'>Am</span> <span class='ocrx_word' id='word_1_157' title='bbox 636 2504 690 2537; x_wconf 90' lang='lat'>11.</span> <span class='ocrx_word' id='word_1_158' title='bbox 721 2501 875 2536; x_wconf 82' lang='lat' dir='ltr'>Februar</span> <span class='ocrx_word' id='word_1_159' title='bbox 909 2502 993 2536; x_wconf 88' lang='lat' dir='ltr'>fand</span> <span class='ocrx_word' id='word_1_160' title='bbox 1031 2502 1086 2537; x_wconf 91' lang='lat' dir='ltr'>die</span> <span class='ocrx_word' id='word_1_161' title='bbox 1121 2503 1176 2537; x_wconf 92' lang='lat' dir='ltr'>de-</span> 
     </span>
     <span class='ocr_line' id='line_1_38' title="bbox 427 2547 1177 2592; baseline 0.003 -11"><span class='ocrx_word' id='word_1_162' title='bbox 427 2547 558 2581; x_wconf 87' lang='lat' dir='ltr'>finitive</span> <span class='ocrx_word' id='word_1_163' title='bbox 598 2547 927 2592; x_wconf 83' lang='lat' dir='ltr'>Beschlussfassung</span> <span class='ocrx_word' id='word_1_164' title='bbox 967 2550 1079 2591; x_wconf 87' lang='lat' dir='ltr'>statt,</span> <span class='ocrx_word' id='word_1_165' title='bbox 1122 2560 1177 2583; x_wconf 87' lang='lat' dir='ltr'>am</span> 
     </span>
     <span class='ocr_line' id='line_1_39' title="bbox 430 2593 1177 2629; baseline 0.001 -1"><span class='ocrx_word' id='word_1_166' title='bbox 430 2595 481 2628; x_wconf 81' lang='lat'>12.</span> <span class='ocrx_word' id='word_1_167' title='bbox 514 2593 668 2628; x_wconf 85' lang='lat' dir='ltr'>Februar</span> <span class='ocrx_word' id='word_1_168' title='bbox 708 2594 823 2628; x_wconf 88' lang='lat' dir='ltr'>wurde</span> <span class='ocrx_word' id='word_1_169' title='bbox 862 2594 986 2628; x_wconf 89' lang='lat' dir='ltr'>Viktor</span> <span class='ocrx_word' id='word_1_170' title='bbox 1023 2595 1177 2629; x_wconf 89' lang='lat' dir='ltr'>feierlich</span> 
     </span>
     <span class='ocr_line' id='line_1_40' title="bbox 426 2639 1176 2685; baseline 0.004 -12"><span class='ocrx_word' id='word_1_171' title='bbox 426 2639 676 2682; x_wconf 87' lang='lat' dir='ltr'>iuthronisiert,</span> <span class='ocrx_word' id='word_1_172' title='bbox 702 2651 758 2674; x_wconf 86' lang='lat' dir='ltr'>am</span> <span class='ocrx_word' id='word_1_173' title='bbox 785 2644 837 2676; x_wconf 88' lang='lat'>13.</span> <span class='ocrx_word' id='word_1_174' title='bbox 855 2640 1008 2675; x_wconf 84' lang='lat' dir='ltr'>Februar</span> <span class='ocrx_word' id='word_1_175' title='bbox 1032 2641 1176 2685; x_wconf 84' lang='lat' dir='ltr'>erfolgte</span> 
     </span>
     <span class='ocr_line' id='line_1_41' title="bbox 427 2685 1176 2731; baseline 0.003 -12"><span class='ocrx_word' id='word_1_176' title='bbox 427 2685 481 2719; x_wconf 90' lang='lat' dir='ltr'>die</span> <span class='ocrx_word' id='word_1_177' title='bbox 506 2685 852 2721; x_wconf 85' lang='lat' dir='ltr'>Exkommunikation</span> <span class='ocrx_word' id='word_1_178' title='bbox 881 2698 990 2731; x_wconf 87' lang='lat' dir='ltr'>gegen</span> <span class='ocrx_word' id='word_1_179' title='bbox 1017 2687 1176 2730; x_wconf 86' lang='lat' dir='ltr'>„Roland</span> 
     </span>
     <span class='ocr_line' id='line_1_42' title="bbox 425 2732 1175 2777; baseline 0.003 -11"><span class='ocrx_word' id='word_1_180' title='bbox 425 2732 495 2766; x_wconf 88' lang='lat' dir='ltr'>und</span> <span class='ocrx_word' id='word_1_181' title='bbox 533 2732 653 2767; x_wconf 83' lang='lat' dir='ltr'>dessen</span> <span class='ocrx_word' id='word_1_182' title='bbox 687 2732 908 2777; x_wconf 54' lang='lat' dir='ltr'>Anhanger‘fl</span> <span class='ocrx_word' id='word_1_183' title='bbox 956 2733 1021 2767; x_wconf 89' lang='lat' dir='ltr'>Am</span> <span class='ocrx_word' id='word_1_184' title='bbox 1060 2734 1175 2768; x_wconf 80' lang='lat' dir='ltr'>selben</span> 
     </span>
     <span class='ocr_line' id='line_1_43' title="bbox 423 2777 1175 2824; baseline 0.003 -12"><span class='ocrx_word' id='word_1_185' title='bbox 423 2777 516 2822; x_wconf 86' lang='lat' dir='ltr'>Tage</span> <span class='ocrx_word' id='word_1_186' title='bbox 554 2779 643 2813; x_wconf 91' lang='lat' dir='ltr'>wohl</span> <span class='ocrx_word' id='word_1_187' title='bbox 679 2779 727 2813; x_wconf 90' lang='lat' dir='ltr'>ist</span> <span class='ocrx_word' id='word_1_188' title='bbox 765 2779 820 2813; x_wconf 90' lang='lat' dir='ltr'>die</span> <span class='ocrx_word' id='word_1_189' title='bbox 843 2779 1000 2824; x_wconf 82' lang='lat' dir='ltr'>Epistola</span> <span class='ocrx_word' id='word_1_190' title='bbox 1034 2779 1175 2814; x_wconf 88' lang='lat' dir='ltr'>Concilii</span> 
     </span>
     <span class='ocr_line' id='line_1_44' title="bbox 423 2825 1174 2869; baseline 0.003 -11"><span class='ocrx_word' id='word_1_191' title='bbox 423 2825 572 2859; x_wconf 83' lang='lat' dir='ltr'>verfasst</span> <span class='ocrx_word' id='word_1_192' title='bbox 592 2825 662 2859; x_wconf 89' lang='lat' dir='ltr'>und</span> <span class='ocrx_word' id='word_1_193' title='bbox 678 2825 829 2869; x_wconf 86' lang='lat' dir='ltr'>sogleich</span> <span class='ocrx_word' id='word_1_194' title='bbox 845 2825 1009 2860; x_wconf 83' lang='lat' dir='ltr'>versandt</span> <span class='ocrx_word' id='word_1_195' title='bbox 1026 2826 1174 2861; x_wconf 86' lang='lat' dir='ltr'>worden.</span> 
     </span>
    </p>
   </div>
   <div class='ocr_carea' id='block_1_5' title="bbox 1198 1258 1208 2029">
    <p class='ocr_par' dir='ltr' id='par_1_6' title="bbox 1198 1258 1208 2029">
     <span class='ocr_line' id='line_1_45' title="bbox 1198 1258 1208 2029; baseline 0 0"><span class='ocrx_word' id='word_1_196' title='bbox 1198 1258 1208 2029; x_wconf 95' lang='lat' dir='ltr'> </span> 
     </span>
    </p>
   </div>
   <div class='ocr_carea' id='block_1_6' title="bbox 1222 1298 1981 2397">
    <p class='ocr_par' dir='ltr' id='par_1_7' title="bbox 1222 1298 1981 2397">
     <span class='ocr_line' id='line_1_46' title="bbox 1231 1298 1981 1346; baseline 0.007 -15"><span class='ocrx_word' id='word_1_197' title='bbox 1231 1298 1303 1343; x_wconf 89' lang='grc'>(16)</span> <span class='ocrx_word' id='word_1_198' title='bbox 1317 1298 1368 1332; x_wconf 91' lang='lat' dir='ltr'>De</span> <span class='ocrx_word' id='word_1_199' title='bbox 1385 1301 1496 1333; x_wconf 87' lang='lat' dir='ltr'>cetero</span> <span class='ocrx_word' id='word_1_200' title='bbox 1513 1310 1553 1334; x_wconf 86' lang='lat' dir='ltr'>ex</span> <span class='ocrx_word' id='word_1_201' title='bbox 1576 1302 1674 1343; x_wconf 86' lang='lat' dir='ltr'>parte</span> <span class='ocrx_word' id='word_1_202' title='bbox 1686 1300 1751 1335; x_wconf 89' lang='lat' dir='ltr'>Dei</span> <span class='ocrx_word' id='word_1_203' title='bbox 1768 1300 1981 1346; x_wconf 87' lang='lat' dir='ltr'>omnipoten-</span> 
     </span>
     <span class='ocr_line' id='line_1_47' title="bbox 1229 1344 1980 1389; baseline 0.007 -12"><span class='ocrx_word' id='word_1_204' title='bbox 1229 1344 1276 1378; x_wconf 91' lang='lat' dir='ltr'>tis</span> <span class='ocrx_word' id='word_1_205' title='bbox 1310 1346 1346 1379; x_wconf 85' lang='lat' dir='ltr'>et</span> <span class='ocrx_word' id='word_1_206' title='bbox 1369 1345 1545 1379; x_wconf 88' lang='lat' dir='ltr'>beatorum</span> <span class='ocrx_word' id='word_1_207' title='bbox 1570 1347 1800 1389; x_wconf 83' lang='lat' dir='ltr'>apostolorum</span> <span class='ocrx_word' id='word_1_208' title='bbox 1823 1347 1920 1382; x_wconf 82' lang='lat' dir='ltr'>Petri</span> <span class='ocrx_word' id='word_1_209' title='bbox 1943 1348 1980 1382; x_wconf 89' lang='lat' dir='ltr'>et</span> 
     </span>
     <span class='ocr_line' id='line_1_48' title="bbox 1229 1390 1977 1428; baseline 0.007 -5"><span class='ocrx_word' id='word_1_210' title='bbox 1229 1390 1329 1424; x_wconf 87' lang='lat' dir='ltr'>Pauli</span> <span class='ocrx_word' id='word_1_211' title='bbox 1350 1393 1386 1424; x_wconf 85' lang='lat' dir='ltr'>et</span> <span class='ocrx_word' id='word_1_212' title='bbox 1402 1392 1553 1425; x_wconf 90' lang='lat' dir='ltr'>omnium</span> <span class='ocrx_word' id='word_1_213' title='bbox 1567 1395 1762 1427; x_wconf 82' lang='lat' dir='ltr'>sanctorum</span> <span class='ocrx_word' id='word_1_214' title='bbox 1777 1395 1814 1427; x_wconf 89' lang='lat' dir='ltr'>et</span> <span class='ocrx_word' id='word_1_215' title='bbox 1829 1393 1977 1428; x_wconf 87' lang='lat' dir='ltr'>virorum</span> 
     </span>
     <span class='ocr_line' id='line_1_49' title="bbox 1229 1436 1978 1483; baseline 0.005 -13"><span class='ocrx_word' id='word_1_216' title='bbox 1229 1436 1502 1480; x_wconf 87' lang='lat' dir='ltr'>orthodoxorum,</span> <span class='ocrx_word' id='word_1_217' title='bbox 1539 1438 1599 1483; x_wconf 88' lang='lat' dir='ltr'>qui</span> <span class='ocrx_word' id='word_1_218' title='bbox 1633 1438 1747 1474; x_wconf 85' lang='lat' dir='ltr'>divino</span> <span class='ocrx_word' id='word_1_219' title='bbox 1778 1439 1907 1474; x_wconf 85' lang='lat' dir='ltr'>intuitu</span> <span class='ocrx_word' id='word_1_220' title='bbox 1933 1439 1978 1473; x_wconf 84' lang='lat' dir='ltr'>ad</span> 
     </span>
     <span class='ocr_line' id='line_1_50' title="bbox 1229 1483 1979 1528; baseline 0.007 -13"><span class='ocrx_word' id='word_1_221' title='bbox 1229 1483 1415 1516; x_wconf 87' lang='lat' dir='ltr'>resecanda</span> <span class='ocrx_word' id='word_1_222' title='bbox 1437 1483 1626 1518; x_wconf 83' lang='lat' dir='ltr'>schismata</span> <span class='ocrx_word' id='word_1_223' title='bbox 1640 1486 1879 1528; x_wconf 82' lang='lat' dir='ltr'>convenerunt,</span> <span class='ocrx_word' id='word_1_224' title='bbox 1902 1485 1979 1520; x_wconf 87' lang='lat' dir='ltr'>uni-</span> 
     </span>
     <span class='ocr_line' id='line_1_51' title="bbox 1229 1529 1978 1575; baseline 0.007 -14"><span class='ocrx_word' id='word_1_225' title='bbox 1229 1529 1427 1563; x_wconf 75' lang='lat' dir='ltr'>versitatem</span> <span class='ocrx_word' id='word_1_226' title='bbox 1451 1532 1600 1564; x_wconf 86' lang='lat' dir='ltr'>vestram</span> <span class='ocrx_word' id='word_1_227' title='bbox 1624 1530 1845 1575; x_wconf 80' lang='lat' dir='ltr'>imploramus</span> <span class='ocrx_word' id='word_1_228' title='bbox 1861 1532 1898 1565; x_wconf 86' lang='lat' dir='ltr'>et</span> <span class='ocrx_word' id='word_1_229' title='bbox 1908 1541 1978 1565; x_wconf 91' lang='lat' dir='ltr'>mo-</span> 
     </span>
     <span class='ocr_line' id='line_1_52' title="bbox 1227 1575 1978 1622; baseline 0.005 -14"><span class='ocrx_word' id='word_1_230' title='bbox 1227 1585 1346 1609; x_wconf 87' lang='lat' dir='ltr'>nemus</span> <span class='ocrx_word' id='word_1_231' title='bbox 1363 1575 1399 1609; x_wconf 89' lang='lat' dir='ltr'>in</span> <span class='ocrx_word' id='word_1_232' title='bbox 1413 1575 1561 1619; x_wconf 87' lang='lat' dir='ltr'>Christo,</span> <span class='ocrx_word' id='word_1_233' title='bbox 1579 1577 1619 1610; x_wconf 92' lang='lat' dir='ltr'>ut</span> <span class='ocrx_word' id='word_1_234' title='bbox 1637 1587 1688 1620; x_wconf 82' lang='lat' dir='ltr'>ea,</span> <span class='ocrx_word' id='word_1_235' title='bbox 1713 1587 1800 1622; x_wconf 85' lang='lat' dir='ltr'>quae</span> <span class='ocrx_word' id='word_1_236' title='bbox 1815 1576 1978 1612; x_wconf 82' lang='lat' dir='ltr'>ecclesiae</span> 
     </span>
     <span class='ocr_line' id='line_1_53' title="bbox 1228 1620 1978 1667; baseline 0.005 -13"><span class='ocrx_word' id='word_1_237' title='bbox 1228 1620 1294 1655; x_wconf 92' lang='lat' dir='ltr'>Dei</span> <span class='ocrx_word' id='word_1_238' title='bbox 1304 1623 1330 1650; x_wconf 60' lang='grc' dir='ltr'>ει)</span> <span class='ocrx_word' id='word_1_239' title='bbox 1361 1621 1489 1665; x_wconf 85' lang='lat' dir='ltr'>Papiae</span> <span class='ocrx_word' id='word_1_240' title='bbox 1513 1625 1722 1667; x_wconf 83' lang='lat' dir='ltr'>congregata</span> <span class='ocrx_word' id='word_1_241' title='bbox 1748 1623 1794 1657; x_wconf 87' lang='lat' dir='ltr'>ad</span> <span class='ocrx_word' id='word_1_242' title='bbox 1817 1623 1978 1658; x_wconf 79' lang='lat' dir='ltr'>honorem</span> 
     </span>
     <span class='ocr_line' id='line_1_54' title="bbox 1229 1666 1978 1712; baseline 0.005 -12"><span class='ocrx_word' id='word_1_243' title='bbox 1229 1666 1398 1701; x_wconf 89' lang='lat' dir='ltr'>Creatoris</span> <span class='ocrx_word' id='word_1_244' title='bbox 1432 1669 1469 1702; x_wconf 87' lang='lat' dir='ltr'>et</span> <span class='ocrx_word' id='word_1_245' title='bbox 1492 1679 1635 1712; x_wconf 82' lang='lat' dir='ltr'>sponsae</span> <span class='ocrx_word' id='word_1_246' title='bbox 1659 1680 1751 1712; x_wconf 84' lang='lat' dir='ltr'>suae,</span> <span class='ocrx_word' id='word_1_247' title='bbox 1776 1669 1900 1704; x_wconf 81' lang='lat' dir='ltr'>matris</span> <span class='ocrx_word' id='word_1_248' title='bbox 1923 1680 1978 1704; x_wconf 84' lang='lat' dir='ltr'>ve—</span> 
     </span>
     <span class='ocr_line' id='line_1_55' title="bbox 1228 1714 1978 1755; baseline 0.004 -8"><span class='ocrx_word' id='word_1_249' title='bbox 1228 1714 1361 1755; x_wconf 68' lang='lat' dir='ltr'>sti-acb),</span> <span class='ocrx_word' id='word_1_250' title='bbox 1375 1716 1637 1750; x_wconf 55' lang='lat' dir='ltr'>sacrosanctae&amp;</span> <span class='ocrx_word' id='word_1_251' title='bbox 1647 1715 1822 1750; x_wconf 78' lang='lat' dir='ltr'>Romanae</span> <span class='ocrx_word' id='word_1_252' title='bbox 1835 1715 1978 1750; x_wconf 82' lang='lat' dir='ltr'>ecclesia</span> 
     </span>
     <span class='ocr_line' id='line_1_56' title="bbox 1227 1759 1976 1804; baseline 0.005 -11"><span class='ocrx_word' id='word_1_253' title='bbox 1227 1759 1517 1804; x_wconf 86' lang='lat' dir='ltr'>tranquillitatem</span> <span class='ocrx_word' id='word_1_254' title='bbox 1542 1763 1578 1794; x_wconf 89' lang='lat' dir='ltr'>et</span> <span class='ocrx_word' id='word_1_255' title='bbox 1602 1761 1646 1795; x_wconf 86' lang='lat' dir='ltr'>ad</span> <span class='ocrx_word' id='word_1_256' title='bbox 1663 1761 1810 1797; x_wconf 83' lang='lat' dir='ltr'>salutem</span> <span class='ocrx_word' id='word_1_257' title='bbox 1826 1761 1976 1796; x_wconf 87' lang='lat' dir='ltr'>omnium</span> 
     </span>
     <span class='ocr_line' id='line_1_57' title="bbox 1227 1805 1975 1850; baseline 0.004 -11"><span class='ocrx_word' id='word_1_258' title='bbox 1227 1805 1491 1840; x_wconf 85' lang='lat' dir='ltr'>christianorum</span> <span class='ocrx_word' id='word_1_259' title='bbox 1520 1806 1668 1842; x_wconf 85' lang='lat' dir='ltr'>fideliter</span> <span class='ocrx_word' id='word_1_260' title='bbox 1700 1807 1883 1850; x_wconf 87' lang='lat' dir='ltr'>ordinavit,</span> <span class='ocrx_word' id='word_1_261' title='bbox 1905 1818 1975 1850; x_wconf 75' lang='lat' dir='ltr'>voa,</span> 
     </span>
     <span class='ocr_line' id='line_1_58' title="bbox 1227 1851 1974 1897; baseline 0.004 -12"><span class='ocrx_word' id='word_1_262' title='bbox 1227 1851 1318 1885; x_wconf 92' lang='lat' dir='ltr'>omni</span> <span class='ocrx_word' id='word_1_263' title='bbox 1355 1851 1458 1886; x_wconf 89' lang='lat' dir='ltr'>dubio</span> <span class='ocrx_word' id='word_1_264' title='bbox 1499 1855 1535 1886; x_wconf 90' lang='lat' dir='ltr'>et</span> <span class='ocrx_word' id='word_1_265' title='bbox 1570 1853 1799 1897; x_wconf 79' lang='lat' dir='ltr'>ambiguitate</span> <span class='ocrx_word' id='word_1_266' title='bbox 1832 1854 1974 1895; x_wconf 78' lang='lat' dir='ltr'>remota,</span> 
     </span>
     <span class='ocr_line' id='line_1_59' title="bbox 1226 1897 1974 1945; baseline 0.004 -14"><span class='ocrx_word' id='word_1_267' title='bbox 1226 1897 1510 1941; x_wconf 76' lang='lat' dir='ltr'>irrefragabiliter</span> <span class='ocrx_word' id='word_1_268' title='bbox 1517 1901 1630 1933; x_wconf 84' lang='lat' dir='ltr'>ratum</span> <span class='ocrx_word' id='word_1_269' title='bbox 1637 1899 1872 1945; x_wconf 70' lang='lat' dir='ltr'>firmumqued)</span> <span class='ocrx_word' id='word_1_270' title='bbox 1880 1901 1974 1934; x_wconf 77' lang='lat' dir='ltr'>tene-</span> 
     </span>
     <span class='ocr_line' id='line_1_60' title="bbox 1227 1943 1973 1987; baseline 0.005 -10"><span class='ocrx_word' id='word_1_271' title='bbox 1227 1943 1312 1985; x_wconf 85' lang='lat' dir='ltr'>atis;</span> <span class='ocrx_word' id='word_1_272' title='bbox 1338 1946 1485 1987; x_wconf 84' lang='lat' dir='ltr'>orantes,</span> <span class='ocrx_word' id='word_1_273' title='bbox 1503 1946 1544 1979; x_wconf 92' lang='lat' dir='ltr'>ut</span> <span class='ocrx_word' id='word_1_274' title='bbox 1558 1945 1729 1980; x_wconf 87' lang='lat' dir='ltr'>redemtor</span> <span class='ocrx_word' id='word_1_275' title='bbox 1744 1948 1862 1980; x_wconf 85' lang='lat' dir='ltr'>noster</span> <span class='ocrx_word' id='word_1_276' title='bbox 1871 1945 1973 1980; x_wconf 77' lang='lat' dir='ltr'>Jeeus</span> 
     </span>
     <span class='ocr_line' id='line_1_61' title="bbox 1226 1989 1976 2045; baseline 0.003 -21"><span class='ocrx_word' id='word_1_277' title='bbox 1226 1989 1384 2024; x_wconf 87' lang='lat' dir='ltr'>Christus</span> <span class='ocrx_word' id='word_1_278' title='bbox 1432 1991 1658 2026; x_wconf 81' lang='lat' dir='ltr'>imiversalem</span> <span class='ocrx_word' id='word_1_279' title='bbox 1705 1991 1901 2045; x_wconf 85' lang='lat' dir='ltr'>pontificem</span> <span class='ocrx_word' id='word_1_280' title='bbox 1939 1993 1976 2026; x_wconf 87' lang='lat' dir='ltr'>et</span> 
     </span>
     <span class='ocr_line' id='line_1_62' title="bbox 1225 2036 1975 2080; baseline 0.005 -11"><span class='ocrx_word' id='word_1_281' title='bbox 1225 2046 1349 2080; x_wconf 87' lang='lat' dir='ltr'>papam</span> <span class='ocrx_word' id='word_1_282' title='bbox 1379 2036 1564 2079; x_wconf 83' lang='lat' dir='ltr'>Victorem,</span> <span class='ocrx_word' id='word_1_283' title='bbox 1601 2037 1642 2071; x_wconf 91' lang='lat' dir='ltr'>de</span> <span class='ocrx_word' id='word_1_284' title='bbox 1667 2049 1764 2072; x_wconf 78' lang='lat' dir='ltr'>cuius</span> <span class='ocrx_word' id='word_1_285' title='bbox 1788 2037 1975 2073; x_wconf 73' lang='lat' dir='ltr'>sanctitate</span> 
     </span>
     <span class='ocr_line' id='line_1_63' title="bbox 1224 2082 1975 2128; baseline 0.007 -13"><span class='ocrx_word' id='word_1_286' title='bbox 1224 2084 1261 2115; x_wconf 91' lang='lat' dir='ltr'>et</span> <span class='ocrx_word' id='word_1_287' title='bbox 1284 2082 1446 2126; x_wconf 85' lang='lat' dir='ltr'>religione</span> <span class='ocrx_word' id='word_1_288' title='bbox 1467 2083 1603 2117; x_wconf 90' lang='lat' dir='ltr'>omnino</span> <span class='ocrx_word' id='word_1_289' title='bbox 1612 2085 1639 2118; x_wconf 72' lang='grc' dir='ltr'>Θ)</span> <span class='ocrx_word' id='word_1_290' title='bbox 1666 2083 1878 2128; x_wconf 78' lang='lat' dir='ltr'>confidimus,</span> <span class='ocrx_word' id='word_1_291' title='bbox 1914 2093 1975 2127; x_wconf 80' lang='lat' dir='ltr'>per</span> 
     </span>
     <span class='ocr_line' id='line_1_64' title="bbox 1224 2128 1974 2174; baseline 0.003 -13"><span class='ocrx_word' id='word_1_292' title='bbox 1224 2129 1379 2171; x_wconf 83' lang='lat' dir='ltr'>tempora</span> <span class='ocrx_word' id='word_1_293' title='bbox 1402 2128 1506 2173; x_wconf 85' lang='lat' dir='ltr'>longa</span> <span class='ocrx_word' id='word_1_294' title='bbox 1529 2131 1705 2164; x_wconf 81' lang='lat' dir='ltr'>conservet</span> <span class='ocrx_word' id='word_1_295' title='bbox 1724 2131 1761 2165; x_wconf 85' lang='lat' dir='ltr'>et</span> <span class='ocrx_word' id='word_1_296' title='bbox 1774 2131 1928 2174; x_wconf 76' lang='lat' dir='ltr'>praestet</span> <span class='ocrx_word' id='word_1_297' title='bbox 1942 2129 1974 2163; x_wconf 87' lang='lat' dir='ltr'>ei</span> 
     </span>
     <span class='ocr_line' id='line_1_65' title="bbox 1224 2174 1972 2221; baseline 0.007 -14"><span class='ocrx_word' id='word_1_298' title='bbox 1224 2174 1453 2209; x_wconf 88' lang='lat' dir='ltr'>omnimodam</span> <span class='ocrx_word' id='word_1_299' title='bbox 1477 2175 1768 2220; x_wconf 79' lang='lat' dir='ltr'>tranquillitatem</span> <span class='ocrx_word' id='word_1_300' title='bbox 1791 2178 1828 2211; x_wconf 88' lang='lat' dir='ltr'>et</span> <span class='ocrx_word' id='word_1_301' title='bbox 1843 2186 1972 2221; x_wconf 83' lang='lat' dir='ltr'>pacem,</span> 
     </span>
     <span class='ocr_line' id='line_1_66' title="bbox 1223 2219 1971 2268; baseline 0.004 -15"><span class='ocrx_word' id='word_1_302' title='bbox 1223 2219 1276 2254; x_wconf 88' lang='lat' dir='ltr'>ita</span> <span class='ocrx_word' id='word_1_303' title='bbox 1284 2220 1399 2265; x_wconf 79' lang='lat' dir='ltr'>quodf)</span> <span class='ocrx_word' id='word_1_304' title='bbox 1407 2231 1467 2266; x_wconf 89' lang='lat' dir='ltr'>per</span> <span class='ocrx_word' id='word_1_305' title='bbox 1473 2221 1718 2256; x_wconf 83' lang='lat' dir='ltr'>eumDominus</span> <span class='ocrx_word' id='word_1_306' title='bbox 1727 2222 1971 2268; x_wconf 59' lang='lat' dir='ltr'>omnipotenso</span> 
     </span>
     <span class='ocr_line' id='line_1_67' title="bbox 1222 2266 1972 2304; baseline 0.005 -4"><span class='ocrx_word' id='word_1_307' title='bbox 1222 2266 1408 2300; x_wconf 89' lang='lat' dir='ltr'>honoretur</span> <span class='ocrx_word' id='word_1_308' title='bbox 1431 2269 1467 2301; x_wconf 88' lang='lat' dir='ltr'>et</span> <span class='ocrx_word' id='word_1_309' title='bbox 1490 2267 1633 2302; x_wconf 86' lang='lat' dir='ltr'>ecclesia</span> <span class='ocrx_word' id='word_1_310' title='bbox 1646 2267 1803 2303; x_wconf 84' lang='lat' dir='ltr'>Romana</span> <span class='ocrx_word' id='word_1_311' title='bbox 1814 2270 1850 2304; x_wconf 85' lang='lat' dir='ltr'>et</span> <span class='ocrx_word' id='word_1_312' title='bbox 1862 2268 1972 2304; x_wconf 78' lang='lat' dir='ltr'>omnis</span> 
     </span>
     <span class='ocr_line' id='line_1_68' title="bbox 1222 2312 1971 2359; baseline 0.005 -13"><span class='ocrx_word' id='word_1_313' title='bbox 1222 2312 1343 2356; x_wconf 86' lang='lat' dir='ltr'>religio</span> <span class='ocrx_word' id='word_1_314' title='bbox 1369 2314 1507 2356; x_wconf 76' lang='lat' dir='ltr'>gratum</span> <span class='ocrx_word' id='word_1_315' title='bbox 1531 2313 1678 2348; x_wconf 87' lang='lat' dir='ltr'>Domino</span> <span class='ocrx_word' id='word_1_316' title='bbox 1710 2314 1858 2359; x_wconf 75' lang='lat' dir='ltr'>accipiat</span> <span class='ocrx_word' id='word_1_317' title='bbox 1866 2316 1896 2348; x_wconf 80' lang='lat' dir='ltr'>h)</span> <span class='ocrx_word' id='word_1_318' title='bbox 1918 2315 1971 2350; x_wconf 86' lang='lat' dir='ltr'>in-</span> 
     </span>
     <span class='ocr_line' id='line_1_69' title="bbox 1222 2359 1970 2397; baseline 0.007 -5"><span class='ocrx_word' id='word_1_319' title='bbox 1222 2360 1442 2394; x_wconf 84' lang='lat' dir='ltr'>crementum.</span> <span class='ocrx_word' id='word_1_320' title='bbox 1475 2359 1526 2394; x_wconf 90' lang='lat' dir='ltr'>Ut</span> <span class='ocrx_word' id='word_1_321' title='bbox 1549 2362 1664 2394; x_wconf 85' lang='lat' dir='ltr'>autem</span> <span class='ocrx_word' id='word_1_322' title='bbox 1689 2361 1800 2395; x_wconf 82' lang='lat' dir='ltr'>omnis</span> <span class='ocrx_word' id='word_1_323' title='bbox 1822 2362 1970 2397; x_wconf 76' lang='lat' dir='ltr'>nostrai)</span> 
     </span>
    </p>
   </div>
   <div class='ocr_carea' id='block_1_7' title="bbox 1263 2496 1829 2909">
    <p class='ocr_par' dir='ltr' id='par_1_8' title="bbox 1265 2496 1829 2632">
     <span class='ocr_line' id='line_1_70' title="bbox 1269 2496 1829 2540; baseline 0.007 -10"><span class='ocrx_word' id='word_1_324' title='bbox 1269 2499 1302 2540; x_wconf 88' lang='lat' dir='ltr'>a)</span> <span class='ocrx_word' id='word_1_325' title='bbox 1329 2496 1372 2531; x_wconf 85' lang='lat' dir='ltr'>So</span> <span class='ocrx_word' id='word_1_326' title='bbox 1397 2497 1458 2539; x_wconf 90' lang='lat' dir='ltr'>B.;</span> <span class='ocrx_word' id='word_1_327' title='bbox 1488 2497 1530 2532; x_wconf 90' lang='lat' dir='ltr'>D.</span> <span class='ocrx_word' id='word_1_328' title='bbox 1556 2498 1644 2532; x_wconf 84' lang='lat' dir='ltr'>fehlt</span> <span class='ocrx_word' id='word_1_329' title='bbox 1668 2498 1723 2532; x_wconf 91' lang='lat' dir='ltr'>bei</span> <span class='ocrx_word' id='word_1_330' title='bbox 1749 2499 1829 2534; x_wconf 98' lang='lat' dir='ltr'>MD.</span> 
     </span>
     <span class='ocr_line' id='line_1_71' title="bbox 1265 2543 1750 2632; baseline 0.008 -11"><span class='ocrx_word' id='word_1_331' title='bbox 1265 2543 1303 2631; x_wconf 53' lang='lat' dir='ltr'>ld}</span> <span class='ocrx_word' id='word_1_332' title='bbox 1325 2543 1574 2632; x_wconf 40' lang='lat' dir='ltr'>&amp;Bupsffffz</span> <span class='ocrx_word' id='word_1_333' title='bbox 1599 2591 1750 2625; x_wconf 80' lang='lat' dir='ltr'>sanctae.</span> 
     </span>
    </p>

    <p class='ocr_par' dir='ltr' id='par_1_9' title="bbox 1263 2634 1804 2816">
     <span class='ocr_line' id='line_1_72' title="bbox 1266 2634 1804 2723; baseline 0.006 -9"><span class='ocrx_word' id='word_1_334' title='bbox 1266 2634 1302 2722; x_wconf 56' lang='grc' dir='ltr'>(ἐξ</span> <span class='ocrx_word' id='word_1_335' title='bbox 1327 2634 1373 2715; x_wconf 67' lang='grc' dir='ltr'>ΞΕ</span> <span class='ocrx_word' id='word_1_336' title='bbox 1395 2635 1456 2723; x_wconf 63' lang='grc' dir='ltr'>ἒῑξ</span> <span class='ocrx_word' id='word_1_337' title='bbox 1478 2635 1583 2717; x_wconf 56' lang='lat'>{23:2²</span> <span class='ocrx_word' id='word_1_338' title='bbox 1601 2635 1804 2718; x_wconf 52' lang='grc' dir='ltr'>ἒωῗῗὲἓὲὸ.</span> 
     </span>
     <span class='ocr_line' id='line_1_73' title="bbox 1263 2727 1596 2816; baseline 0.006 -10"><span class='ocrx_word' id='word_1_339' title='bbox 1263 2727 1300 2816; x_wconf 59' lang='lat'><em>3</em></span> <span class='ocrx_word' id='word_1_340' title='bbox 1325 2727 1491 2807; x_wconf 51' lang='lat' dir='ltr'>{liltubei</span> <span class='ocrx_word' id='word_1_341' title='bbox 1515 2773 1596 2808; x_wconf 89' lang='lat' dir='ltr'>MD.</span> 
     </span>
    </p>

    <p class='ocr_par' dir='ltr' id='par_1_10' title="bbox 1264 2819 1564 2864">
     <span class='ocr_line' id='line_1_74' title="bbox 1264 2819 1564 2864; baseline 0.007 -12"><span class='ocrx_word' id='word_1_342' title='bbox 1264 2819 1301 2863; x_wconf 91' lang='lat' dir='ltr'>h)</span> <span class='ocrx_word' id='word_1_343' title='bbox 1326 2819 1384 2854; x_wconf 88' lang='lat' dir='ltr'>B.:</span> <span class='ocrx_word' id='word_1_344' title='bbox 1410 2819 1564 2864; x_wconf 86' lang='lat' dir='ltr'>recipiat.</span> 
     </span>
    </p>

    <p class='ocr_par' dir='ltr' id='par_1_11' title="bbox 1275 2864 1808 2909">
     <span class='ocr_line' id='line_1_75' title="bbox 1275 2864 1808 2909; baseline 0.004 -10"><span class='ocrx_word' id='word_1_345' title='bbox 1275 2865 1301 2909; x_wconf 91' lang='lat' dir='ltr'>i)</span> <span class='ocrx_word' id='word_1_346' title='bbox 1327 2864 1371 2899; x_wconf 89' lang='lat' dir='ltr'>So</span> <span class='ocrx_word' id='word_1_347' title='bbox 1392 2865 1453 2908; x_wconf 91' lang='lat' dir='ltr'>B.;</span> <span class='ocrx_word' id='word_1_348' title='bbox 1477 2877 1511 2900; x_wconf 91' lang='lat' dir='ltr'>n.</span> <span class='ocrx_word' id='word_1_349' title='bbox 1536 2865 1624 2900; x_wconf 84' lang='lat' dir='ltr'>fehlt</span> <span class='ocrx_word' id='word_1_350' title='bbox 1646 2866 1702 2900; x_wconf 89' lang='lat' dir='ltr'>bei</span> <span class='ocrx_word' id='word_1_351' title='bbox 1726 2866 1808 2902; x_wconf 91' lang='lat' dir='ltr'>MD.</span> 
     </span>
    </p>
   </div>
   <div class='ocr_carea' id='block_1_8' title="bbox 1300 2453 1431 2459">
    <p class='ocr_par' dir='ltr' id='par_1_12' title="bbox 1300 2453 1431 2459">
     <span class='ocr_line' id='line_1_76' title="bbox 1300 2453 1431 2459; baseline 0 0"><span class='ocrx_word' id='word_1_352' title='bbox 1300 2453 1431 2459; x_wconf 95' lang='lat' dir='ltr'> </span> 
     </span>
    </p>
   </div>
  </div>
 </body>
</html>
