2098 3432
453 344 536 385 250

521 456 565 503 c)
597 455 768 509 Privileq
802 454 1032 498 Friedrichs
1063 454 1087 497 ι.
1116 453 1187 497 fur
1217 454 1339 508 κῡηῑς
1369 453 1546 498 winheim
1575 466 1653 498 von
1683 453 1908 508 serumst)
1974 440 1980 446 “
2039 419 2047 451 ²

736 519 936 563 (Romnaldi
961 519 1122 563 Annales,
1148 520 1238 554 Mon.
1266 519 1378 555 Germ.
1405 519 1462 554 SS.
1488 520 1583 563 XIX,
1608 520 1701 565 457.)

567 593 751 638 [Romuald
777 605 807 628 a.
834 604 863 628 a.
890 592 950 628 Ο.;
986 593 1059 638 Ipsi
1092 595 1207 627 autem
1241 594 1310 638 (die
1344 594 1536 628 sizilischen
1561 593 1771 638 Gesandteu)
1805 594 1896 629 sicut
1918 594 1980 630 viri

452 641 622 686 sapientes
647 643 682 674 et
706 639 848 684 providi,
873 641 1074 681 metuentes,
1098 651 1140 673 ne
1165 640 1259 684 pacis
1283 640 1372 674 facte
1395 640 1592 674 memoriam
1616 640 1806 683 longevitas
1822 640 1982 693 ‘temporis

453 687 614 728 aboleret,
650 686 818 720 dederunt
842 685 995 719 studium
1019 687 1054 719 et
1078 696 1213 730 operam
1239 686 1448 730 diligentem,
1482 688 1522 720 ut
1544 686 1653 720 forma
1675 686 1781 730 pacis,
1807 697 1871 731 que
1894 687 1983 722 luter

452 734 688 777 imperatorem
720 734 756 765 et
785 742 898 775 regem
931 732 1023 765 faeta
1055 732 1185 774 fuerat,
1223 732 1391 777 imperiali
1416 732 1564 766 iussione
1588 732 1800 775 redigeretur
1822 732 1859 766 in
1882 731 1984 778 serip-

453 779 557 813 turis.
594 780 634 812 ut
665 789 739 812 eam
773 777 814 811 de
839 779 950 811 cetero
974 789 1041 811 non
1067 779 1182 822 posset
1204 777 1366 822 temporis
1391 779 1544 812 vetustas
1570 778 1762 821 destruere,
1798 789 1902 823 quam
1923 778 1984 815 im-

453 825 591 869 perialis
616 823 785 869 privilegii
812 823 978 868 scriptum
1002 826 1162 859 servaret.
1210 823 1265 858 Ad
1290 823 1489 869 petitionem
1513 824 1621 867 igitur
1645 835 1759 858 eorum
1783 824 1877 869 pacis
1896 823 1985 859 inter

454 871 692 915 imperatorem
717 871 752 903 et
763 880 889 958 lregem
914 869 998 903 inite
1024 870 1188 914 scriptum
1214 873 1267 904 est
1290 869 1506 915 privilegium
1540 872 1575 904 et
1599 870 1706 914 sigilli
1731 870 1824 904 aurei
1847 869 1985 916 impres·

453 917 547 950 sione
576 916 763 950 munitum:

563 964 611 1003 In
652 963 813 1003 nomine
852 962 986 1002 Patris
1025 964 1065 1003 et
1093 962 1183 1003 Filii
1219 964 1260 1003 et
1291 962 1465 1016 Spiritus
1504 962 1643 1004 sancti.
1703 963 1843 1004 Amen.
1899 961 1984 1003 Nos

453 1019 689 1060 Fredericus
719 1018 794 1058 Dei
825 1018 955 1070 gratia
975 1019 1255 1060 Romanorum
1283 1019 1503 1072 imperator
1533 1021 1573 1059 et
1602 1030 1761 1072 semper
1789 1018 1986 1070 augustus

455 1078 495 1116 et
523 1075 738 1115 Heinricus
775 1087 844 1114 rex
873 1074 980 1115 filius
1010 1076 1147 1116 noster
1174 1075 1407 1116 interventu
1435 1075 1674 1116 venerabilis
1703 1073 1832 1128 patris
1861 1073 1988 1115 nostri

453 1130 670 1172 Alexandri
698 1130 774 1171 Dei
803 1130 934 1183 gratia
964 1131 1113 1171 summi
1142 1131 1341 1184 pontificis
1379 1132 1419 1171 et
1455 1130 1629 1172 fratrum
1668 1142 1834 1172 suorum
1862 1128 1988 1171 cardi-

454 1188 608 1227 nalium
635 1199 707 1240 pro
736 1188 850 1239 parte
880 1188 1018 1227 nostra
1047 1189 1088 1227 et
1116 1187 1312 1228 heredum
1339 1188 1571 1228 nostrorum
1598 1186 1840 1240 paciscimur
1859 1185 1989 1227 vobis-

454 1256 569 1292 cum,
608 1243 753 1284 domne
792 1242 994 1283 Willelme
1033 1243 1174 1284 eadem
1212 1243 1343 1295 gratia
1379 1243 1549 1284 illustris
1586 1255 1656 1284 rex
1697 1241 1844 1292 Sicilie,
1883 1240 1990 1294 quod

459 1299 600 1340 amodo
630 1310 760 1351 usque
799 1298 850 1339 ad
881 1298 1110 1350 quindecim
1151 1311 1276 1340 annos
1307 1299 1610 1340 observabimus
1647 1298 1760 1340 vobis
1797 1298 1839 1339 et
1876 1297 1991 1338 here-

456 1356 573 1396 dibus
602 1354 747 1396 vestris
788 1356 829 1395 et
856 1355 1043 1396 universo
1082 1367 1206 1408 regno
1235 1357 1368 1396 vestro
1399 1357 1440 1396 et
1468 1355 1543 1396 toti
1570 1356 1676 1396 terre
1706 1353 1990 1396 dominationis

455 1413 588 1453 vestre
617 1423 756 1452 veram
787 1412 827 1451 et
854 1410 1016 1451 firmam
1044 1423 1196 1464 pacem.
1259 1411 1312 1451 Et
1342 1411 1449 1463 quod
1478 1423 1550 1464 per
1577 1423 1651 1452 nos
1679 1410 1743 1452 vel
1771 1421 1844 1464 per
1873 1421 1992 1462 quos-

455 1468 554 1508 libet
598 1467 695 1508 alios
739 1467 842 1507 mari
886 1467 950 1508 vel
994 1468 1101 1508 terra
1143 1479 1214 1508 vos
1257 1467 1485 1520 predictum
1527 1467 1731 1508 illustrem
1766 1477 1907 1518 regem
1949 1465 1990 1506 et

455 1523 623 1564 heredes
667 1524 822 1564 vestros
876 1525 947 1564 aut
983 1535 1156 1576 regnum
1198 1525 1380 1564 vestrum
1428 1526 1468 1564 et
1517 1524 1668 1564 terram
1708 1520 1990 1563 dominationis

457 1582 606 1628 vestre,
646 1578 781 1620 sicut
819 1592 875 1632 pr
895 1579 1186 1632 escriptum
1225 1580 1280 1620 et
1307 1579 1710 1620 determinatum
1739 1579 1833 1627 est,
1862 1588 1991 1630 usque

416 1638 418 1641 ’
458 1636 508 1677 ad
539 1635 768 1688 quindecim
787 1647 912 1677 annos
923 1648 1009 1676 non
1023 1635 1260 1676 invademus
1279 1648 1354 1676 nec
1372 1635 1560 1676 invadere
1580 1635 1773 1676 faciemus
1788 1645 1863 1674 nec
1880 1632 1992 1675 vobis

460 1694 531 1733 aut
559 1703 683 1744 regno
713 1693 846 1733 vestro
886 1695 926 1733 et
955 1692 1038 1732 iam
1063 1691 1167 1733 dicte
1197 1693 1303 1732 terre
1331 1691 1615 1732 dominationis
1643 1691 1776 1732 vestre
1805 1700 1992 1742 guerram

463 1748 597 1800 aliquo
627 1747 745 1788 modo
775 1748 981 1789 faciemus.

571 1804 626 1844 Et
665 1805 712 1843 ut
746 1805 822 1846 hec
862 1804 997 1845 omnia
1036 1803 1312 1858 suprascripta
1347 1803 1517 1844 firmiter
1556 1804 1596 1844 et
1630 1802 1786 1844 illibata
1824 1813 1848 1843 a
1876 1800 1991 1843 nobis

461 1859 690 1913 supradicto
710 1859 919 1902 Frederico
939 1860 1015 1900 Dei
1045 1860 1174 1913 gratia
1193 1860 1470 1901 Romanorum
1494 1859 1736 1912 imperatore
1767 1859 1808 1899 et
1836 1869 1994 1911 semper

459 1917 632 1969 augusto
673 1917 713 1956 et
742 1916 930 1958 Heinrico
965 1916 1046 1958 filio
1083 1918 1221 1958 nostro
1258 1928 1353 1969 rege
1394 1917 1433 1957 et
1472 1915 1686 1956 heredibus
1722 1914 1871 1956 nostris
1907 1914 1993 1954 tam

574 2029 606 2072 *)
631 2029 696 2062 Die
721 2028 804 2062 iiber
829 2027 894 2061 den
929 2027 1247 2071 fiinfzehnjiihrigen
1271 2026 1586 2061 Waffenstillstand
1617 2025 1682 2060 mit
1705 2024 1843 2059 Sizilien
1866 2024 1994 2059 verein-

457 2077 556 2110 barte
579 2074 764 2116 Urkunde,
804 2074 866 2108 das
899 2073 1071 2118 Scriptum
1107 2073 1202 2118 pacis
1234 2073 1324 2116 regis
1349 2073 1502 2114 Siciliae,
1540 2072 1588 2106 ist
1618 2071 1728 2106 weder
1759 2071 1807 2105 im
1838 2069 1995 2115 Original

458 2122 544 2156 noch
579 2120 817 2154 abschriftlich
853 2119 914 2153 auf
941 2131 1005 2153 uns
1038 2119 1249 2163 gokommen.
1298 2119 1363 2153 Die
1386 2119 1668 2162 Bestimmungen
1702 2117 1879 2152 derselben
1901 2116 1992 2152 lei-nt

459 2179 539 2202 man
563 2167 642 2201 teils
668 2178 729 2200 aus
756 2166 821 2200 den
845 2165 1004 2200 Artikeln
1029 2168 1061 2207 9,
1087 2167 1129 2200 27
1156 2177 1188 2200 u.
1215 2168 1259 2200 28
1285 2165 1343 2199 des
1367 2165 1512 2198 Pactum
1536 2164 1714 2206 Venetum,
1742 2163 1822 2197 teils
1847 2173 1910 2197 aus
1934 2162 1994 2197 der

458 2213 684 2248 kaiserlichen
720 2211 1126 2255 Restatigungsurkunde
1162 2211 1311 2253 kennen‚
1351 2211 1476 2245 welche
1512 2221 1576 2244 uns
1612 2209 1783 2244 Romuald
1818 2219 1848 2244 a.
1884 2219 1918 2243 a.
1953 2207 1993 2244 O.

458 2260 654 2294 iiberliefert
696 2259 768 2293 hat.
817 2258 918 2291 Diese
952 2268 1046 2291 muss
1079 2268 1137 2291 vor
1171 2257 1247 2291 dem
1281 2261 1332 2292 15.
1363 2257 1502 2301 August
1533 2256 1709 2300 abgefasst
1741 2254 1834 2298 sein,
1871 2254 1916 2289 da
1948 2265 1993 2289 an

461 2306 588 2340 diesem
614 2305 707 2349 Tage
733 2304 787 2338 die
812 2303 1005 2338 sizilischen
1031 2302 1229 2338 Gesandten
1254 2314 1316 2337 von
1333 2303 1487 2346 Venedig
1512 2302 1693 2336 abreisten.
1741 2300 1804 2335 Ich
1826 2300 1914 2335 habe
1939 2300 1994 2335 die

460 2352 578 2386 Worte
602 2350 790 2385 Romualds
814 2349 1129 2393 vorausgeschickt,
1166 2350 1232 2383 mit
1256 2349 1364 2383 denen
1388 2360 1425 2383 er
1450 2349 1514 2382 den
1538 2348 1719 2393 Ursprung
1741 2347 1802 2387 des
1827 2346 1994 2391 Privilegs

459 2398 635 2432 schildert.
683 2397 812 2430 Reuter
850 2407 879 2431 a.
905 2407 934 2430 a.
962 2395 1000 2430 Ο.
1027 2395 1091 2438 111,
1126 2398 1192 2430 734
1228 2396 1300 2429 und
1335 2395 1453 2429 Peters
1479 2405 1509 2429 a.
1535 2405 1565 2428 a.
1592 2393 1632 2429 Ο.
1669 2393 1703 2429 S.
1733 2395 1795 2428 137
1821 2392 1845 2428 f.
1882 2392 1994 2427 haben

462 2445 588 2478 daraus
625 2443 810 2487 gesolgert,
845 2442 924 2475 dass
955 2442 991 2475 in
1025 2441 1101 2476 dem
1125 2441 1275 2485 Privileg
1307 2441 1360 2475 die
1383 2439 1703 2475 Friedensurkunde
1735 2438 1845 2473 selber
1877 2449 1919 2472 zu
1942 2449 1992 2473 er-

461 2490 596 2524 blicken
632 2489 690 2523 sei.
739 2488 841 2522 Indes
874 2487 1021 2521 Eichner
1052 2498 1082 2522 a.
1117 2498 1146 2522 a.
1181 2486 1220 2521 Ο.
1253 2487 1286 2522 S.
1314 2491 1356 2522 55
1381 2487 1403 2521 f.
1438 2486 1572 2520 wendet
1605 2486 1757 2529 dagegen
1787 2485 1853 2519 mit
1883 2483 1995 2519 Recht

461 2537 526 2578 ein,
566 2536 645 2569 dass
669 2534 804 2568 Artikel
830 2537 850 2568 9
883 2534 942 2567 des
965 2534 1110 2567 Pactum
1133 2533 1301 2567 Venetum
1333 2533 1404 2567 und
1436 2533 1495 2566 der
1526 2534 1682 2577 gesperrt
1703 2530 1890 2575 gedruckte
1914 2529 1994 2564 Satz

460 2583 496 2616 in
534 2592 689 2615 unserem
725 2580 875 2624 Privileg
910 2580 971 2613 auf
1002 2579 1056 2614 ein
1093 2579 1169 2613 dem
1204 2579 1456 2624 Kaiserdiplom
1493 2576 1786 2622 vorausgehendes
1818 2575 1994 2611 Friedens-

463 2629 671 2662 instrument
700 2626 902 2668 hinweisen;
934 2626 1022 2660 nach
1055 2625 1127 2659 ihm
1160 2625 1231 2659 will
1255 2625 1425 2659 Romuald
1451 2636 1494 2658 an
1519 2624 1635 2668 obiger
1661 2623 1766 2657 Stelle
1789 2633 1855 2656 nur
1877 2633 1992 2666 sagon,

462 2675 542 2708 dass
578 2674 661 2707 iiber
694 2673 759 2706 den
790 2672 934 2706 Frieden
965 2671 1082 2706 bisher
1110 2671 1189 2704 kein
1220 2671 1414 2705 formliches
1438 2670 1603 2713 Privileg,
1641 2669 1718 2703 kein
1743 2667 1994 2712 Kaiserdiplom

463 2719 668 2763 ausgestellt
698 2719 834 2752 worden
859 2718 917 2753 sei.
947 2735 986 2742 --
1011 2718 1081 2751 Der
1104 2717 1419 2751 Waffenstillstand
1454 2716 1520 2750 mit
1551 2715 1688 2749 Sizilien
1721 2714 1770 2748 ist
1798 2714 1903 2748 echon
1935 2713 1993 2748 da-

462 2767 549 2800 mals
575 2765 626 2799 als
650 2776 716 2810 pax
739 2764 936 2798 bezeichnet
958 2763 1111 2805 wor‹len;
1150 2774 1187 2796 er
1215 2764 1313 2797 hatte
1346 2763 1433 2796 auch
1466 2773 1502 2796 so
1533 2761 1687 2796 ziemlich
1712 2760 1766 2794 die
1790 2759 1994 2804 Bedeutung

461 2812 552 2846 eines
577 2811 773 2845 definitiven
797 2810 970 2852 Friedens,
995 2809 1155 2843 wahrend
1180 2809 1240 2843 der
1252 2808 1565 2843 Waffenstillstand
1588 2807 1654 2841 mit
1677 2807 1742 2840 den
1766 2805 1991 2848 Lombarden‚

460 2858 503 2902 ja
527 2858 635 2892 selbst
658 2857 694 2891 in
717 2857 809 2890 einer
833 2856 1030 2900 Beziehung
1053 2855 1113 2889 der
1136 2855 1257 2890 Friede
1281 2855 1346 2889 mit
1370 2855 1429 2889 der
1452 2854 1578 2888 Kirche
1606 2853 1661 2887 ein
1684 2851 1913 2886 Provisorium
1935 2862 1992 2896 ge-

465 2906 576 2938 nannt
598 2903 733 2937 werden
757 2903 859 2937 kann.
1764 2918 1767 2920 -

2047 1147 2098 1163 rrrrr
