2098 3432
1634 241 1689 282 39

549 351 594 401 11)
627 351 858 398 Schreiben
889 365 941 398 an
973 352 1133 398 Konrad
1165 352 1268 406 ΙΙΙ.*)

502 426 648 471 (trigue,
674 428 807 463 Patrol.
834 428 932 464 Curs.
958 428 998 464 T.
1027 431 1104 472 182,
1130 439 1182 463 nr.
1209 428 1304 471 244.)

127 543 130 544 ⁷
235 504 323 547 Nec
359 502 541 554 dulcius,
570 516 647 546 nec
677 504 956 555 amicabilius,
999 504 1072 546 sed
1101 517 1177 546 nec
1206 504 1360 546 arctius
1405 504 1572 545 omnino
1602 517 1693 557 reg-

54 591 55 594 =
120 562 226 623 {um
270 561 627 615 sacerdotiumque
663 562 857 615 coniungi
899 575 972 604 seu
1010 562 1282 616 complantari
1321 562 1364 603 in
1400 561 1578 603 invicem
1621 575 1693 616 po-

140 620 312 675 'grunn
350 631 475 672 quam
510 620 559 660 ut
600 618 643 660 in
673 631 849 673 persona
877 619 1048 661 Domini
1078 619 1199 661 ambo
1229 619 1332 660 haec
1361 619 1517 673 pariter
1548 631 1693 660 conve-

63 709 65 714 <
213 677 278 720 nt:
322 677 468 731 utpote
506 676 575 730 qui
615 675 750 718 factus
773 679 856 718 'est
885 677 1005 719 nobis
1036 690 1085 718 ex
1114 678 1288 730 utraque
1319 677 1430 717 tribu
1463 676 1692 718 secundum

59 767 61 769 ·
91 737 290 794 {semem
318 746 509 775 summus
540 735 582 775 et
612 733 812 776 Sacerdos
843 735 885 775 et
914 735 1013 775 Rex.
1072 734 1167 775 Non
1198 734 1335 775 solum
1366 735 1517 783 autem,
1549 733 1621 774 sed
1652 736 1693 774 et

55 789 383 849 ,t-fssfflmmiscuit
402 803 451 833 ea
479 790 750 832 nihilominus
783 803 830 833 ac
859 791 1164 833 confoederavit
1193 791 1237 832 in
1267 804 1342 832 suo
1374 803 1553 845 corpore,
1583 791 1690 844 quod

55 850 190 909 'R‘
215 848 393 904 populus
424 847 696 899 christianus,
737 849 823 903 ipse
855 850 980 903 caput
1011 849 1143 890 illius:
1184 849 1244 890 ita
1273 850 1321 889 ut
1351 848 1429 889 hoc
1459 860 1590 901 genus
1619 848 1694 888 ho-

51 889 140 967 {f
168 904 287 954 fnum
316 905 543 960 apostolica
571 918 670 948 voce
702 918 832 959 genus
854 906 1043 956 electum,
1074 906 1215 959 regale
1243 905 1523 947 sacerdotium
1554 906 1693 959 appel-

46 957 93 1022 jjnj}
117 966 232 1019 ‘'‚ur
260 962 387 1018 (Petr.
415 962 457 1014 Ι,
495 963 544 1014 2,
584 963 640 1017 9).
698 963 748 1004 111
787 963 869 1004 alia
906 976 1068 1018 quoque
1109 964 1315 1018 scriptura
1354 964 1557 1016 quotquot
1596 964 1693 1003 sunt

48 1019 418 1078 352⁷'fpraedestinati
458 1019 509 1062 ad
539 1020 690 1070 vitam,
726 1033 862 1062 nonne
902 1034 1045 1063 omnes
1076 1033 1194 1074 reges
1225 1022 1267 1062 et
1296 1020 1530 1061 sacerdotes
1560 1020 1693 1061 nomi-

52 1082 75 1132 ]'j
124 1078 278 1121 uantur
305 1077 446 1133 (Apoc.
475 1077 516 1128 I,
548 1079 598 1126 63
636 1078 685 1128 V,
718 1078 820 1130 10)?
879 1078 988 1132 Ergo
1018 1091 1123 1132 quae
1154 1078 1268 1119 Deus
1298 1077 1529 1126 coniunxit,
1568 1078 1692 1118 homo

47 1136 53 1158 ³
124 1147 206 1179 11011
227 1136 400 1190 separet.
437 1135 572 1189 Magis
594 1137 746 1186 autem,
767 1135 877 1190 quod
907 1136 1047 1177 divina
1077 1136 1213 1177 sanxit
1243 1135 1480 1183 auctoritas,
1510 1135 1694 1175 humana

123 1192 289 1236 studeat
309 1192 535 1248 adimplere
555 1193 770 1242 voluntas3
802 1194 844 1234 et
864 1193 1039 1247 iungant
1069 1206 1113 1235 se
1145 1193 1304 1242 animis,
1334 1192 1405 1246 0111
1435 1192 1564 1233 11111011
1595 1196 1694 1233 011111

123 1248 339 1293 institutis.
405 1249 589 1292 Invicem
629 1263 672 1292 se
711 1249 895 1301 foveant,
934 1251 1112 1292 invicem
1153 1263 1196 1292 se
1235 1249 1476 1299 defendant,
1516 1250 1692 1291 invicem

125 1319 249 1351 onera
277 1319 356 1350 sua
382 1308 560 1363 portent.
619 1308 692 1350 Ait
722 1307 918 1363 Sapiens:
949 1308 1096 1350 Frater
1127 1308 1327 1350 adiuvans
1358 1307 1540 1357 fratrem,
1572 1307 1692 1348 ambo

123 1364 445 1408 consolabuntur
469 1364 605 1420 (Prov.
625 1365 780 1415 XVIII,
804 1365 886 1420 19).
936 1365 1057 1417 Quod
1088 1366 1123 1407 si
1154 1366 1402 1407 alterutrum
1433 1377 1476 1406 se
1506 1389 1561 1394 —
1583 1364 1692 1420 quod

124 1421 232 1465 absit
260 1447 315 1452 —
349 1423 598 1464 corroserint
628 1425 670 1464 et
699 1422 1013 1474 memorderint‚
1044 1435 1180 1465 nonne
1212 1423 1332 1464 ambo
1364 1422 1691 1464 desolabuntur?

121 1478 216 1522 Non
251 1479 391 1523 veniat
420 1480 559 1522 anima
586 1493 681 1522 mea
710 1481 753 1522 in
783 1481 1003 1523 consilium
1033 1493 1187 1531 eorum,
1217 1480 1286 1534 qui
1319 1480 1481 1530 dicunt,
1519 1479 1584 1522 vel
1614 1479 1691 1520 im-

122 1537 236 1593 perio
265 1549 410 1593 pacem
431 1539 473 1580 et
490 1538 729 1580 libertatem
749 1538 1039 1588 Ecclesiamm,
1069 1539 1134 1580 vel
1154 1538 1349 1579 Ecclesiis
1370 1538 1688 1592 prosperitatem

125 1595 168 1637 et
194 1595 485 1638 exaltationem
503 1596 667 1650 imperii
687 1596 932 1638 nocituram.
976 1596 1073 1637 Non
1095 1596 1204 1638 enim
1235 1596 1451 1649 utriusque
1474 1594 1689 1636 institutor

121 1650 236 1694 Deus
264 1653 308 1694 in
337 1651 661 1695 destructionem
692 1666 740 1695 ea
769 1653 1001 1704 connexuit,
1032 1653 1104 1695 sed
1134 1654 1176 1694 in
1208 1652 1617 1705 aedificationem.**)

236 1708 287 1752 Si
324 1709 420 1752 hoc
464 1711 644 1762 scitis,
688 1723 967 1765 quousque
1013 1723 1105 1752 vos
1151 1722 1469 1752 communem
1508 1711 1691 1751 contu-

121 1766 343 1818 meliam,
384 1775 701 1810 communem
739 1768 1111 1810 dissimulatis
1150 1767 1439 1809 iniuriam?
1507 1767 1691 1809 Nonne

124 1824 176 1866 ut
202 1825 516 1880 Apostolica
546 1825 728 1877 Sedes,
758 1826 834 1867 ita
865 1827 913 1867 et
943 1825 1114 1880 Caput
1142 1825 1350 1880 imperii
1380 1825 1540 1866 Roma
1582 1825 1690 1865 est?

120 1880 188 1925 Ut
235 1893 349 1936 ergo
398 1882 456 1924 de
500 1883 743 1925 Ecclesia
786 1884 1006 1933 taceam,
1054 1896 1173 1924 num
1223 1883 1392 1923 honor
1440 1882 1567 1935 'Regi
1615 1884 1691 1922 est

121 1939 364 1982 truncum
400 1939 449 1982 in
487 1941 729 1982 manibus
766 1942 941 1982 tenere
981 1939 1382 1995 imperium?***)
1442 1940 1495 1980 Et
1525 1939 1689 1993 quidem

122 1995 284 2051 ignoro,
336 1996 435 2051 quid
490 1998 607 2040 vobis
654 2011 779 2053 super
830 1998 909 2039 hoc
962 1998 1181 2039 consulant
1225 1997 1433 2052 sapientes
1477 1997 1603 2038 vestri
1650 1998 1691 2038 et

121 2052 326 2109 principes
350 2055 488 2109 regni;
520 2055 592 2097 sed
623 2067 710 2109 ego,
739 2055 782 2096 in
813 2055 1051 2110 insipientia
1080 2068 1174 2097 mea
1203 2055 1387 2108 loquens,
1417 2054 1525 2108 quod
1557 2054 1688 2095 sentio

121 2122 206 2161 11011
233 2111 390 2154 tacebo.
446 2112 632 2155 Ecclesia
661 2112 740 2154 Dei
770 2113 820 2154 ab
852 2114 997 2154 exortu
1029 2113 1094 2154 sui
1124 2125 1255 2166 usque
1288 2112 1339 2153 ad
1370 2112 1473 2153 haec
1501 2114 1690 2166 tempora

118 2166 275 2233 pluries
304 2169 503 2212 tribulata
524 2171 588 2212 est
617 2171 659 2211 et
687 2170 843 2224 pluries
872 2171 1049 2212 liberata
1079 2172 1152 2212 est.
1190 2170 1378 2223 Denique
1410 2169 1561 2219 audite,
1589 2169 1689 2222 quid

121 2237 212 2281 lpsa
241 2225 292 2268 de
323 2238 367 2268 se
395 2226 591 2281 loquatur
618 2227 663 2268 in
691 2227 870 2269 PsalmO.
927 2227 1067 2282 Ipsius
1098 2228 1209 2270 enim
1238 2240 1315 2269 vox
1345 2228 1429 2268 est:
1462 2226 1593 2281 Saepe
1625 2238 1691 2267 ex-

149 2284 412 2336 ugnaverunt
449 2297 516 2326 me
556 2297 580 2326 a
608 2284 823 2327 iuventute
854 2297 965 2333 mea;
1006 2286 1161 2327 etenim
1197 2297 1282 2326 non
1319 2285 1546 2338 potuerunt
1574 2283 1690 2324 mihi.

51 2379 60 2388 ,
154 2352 260 2395 upra
308 2339 479 2383 dorsum
522 2355 662 2384 meum
700 2341 1005 2384 fabrIcaverunt
1042 2344 1297 2397 peccatores,
1341 2341 1691 2396 prolongaverunt

120 2394 379 2452 iniquitatem
409 2411 530 2441 suam
568 2399 729 2454 (Psalm
759 2399 986 2449 CXXVIII,
1017 2402 1055 2451 2,
1086 2401 1141 2454 3).
1201 2399 1349 2442 Certus
1391 2400 1496 2448 esto,
1539 2411 1561 2439 0
1592 2398 1692 2447 Rex,

120 2454 315 2507 quoniam
341 2468 420 2498 nec
447 2469 558 2498 nunc
578 2469 740 2511 quoque
769 2457 976 2511 relinquet
1004 2457 1209 2499 Dominus
1238 2457 1399 2509 virgam
1428 2457 1691 2510 peccatorum

121 2522 244 2566 super
281 2514 437 2555 sortem
474 2514 691 2556 iustorum.
749 2514 846 2556 Non
877 2516 940 2556 est
970 2515 1206 2557 abbreviata
1235 2526 1384 2555 manus
1415 2513 1583 2554 D'omini
1615 2525 1691 2553 nec

121 2565 231 2611 facta
267 2569 475 2625 impotens
505 2571 557 2613 ad
587 2571 844 2613 salvandum.
903 2571 1112 2614 Liberabit
1142 2574 1183 2614 et
1212 2572 1290 2613 hoc
1320 2573 1506 2625 tempore
1537 2571 1690 2624 absque

121 2623 244 2668 dubio
265 2639 462 2682 sponsam
491 2641 624 2679 suam,
654 2629 725 2683 qui
755 2642 831 2671 suo
862 2630 1063 2683 sanguine
1093 2629 1270 2671 redemit
1300 2641 1404 2679 eam,
1435 2641 1509 2669 suo
1540 2627 1689 2682 spiritu

238 2740 272 2784 *)
294 2741 374 2786 Vgl.
409 2741 466 2776 die
489 2731 694 2788 Exposition
726 2742 838 2777 dieses
864 2742 998 2778 Briefes
1023 2743 1086 2778 «bei
1119 2742 1316 2778 Bernhardi
1351 2744 1420 2777 460
1446 2742 1468 2777 f.
1520 2741 1574 2784 **)
1607 2740 1691 2784 Vgl.

118 2786 187 2822 mit
216 2787 328 2823 dieser
351 2788 567 2833 Auffassung
597 2801 628 2825 v.
653 2789 856 2824 Kaisertum
890 2801 924 2825 u.
957 2791 1145 2836 Papsttum
1180 2801 1232 2824 nr.
1259 2789 1372 2824 XVII.
1424 2788 1499 2831 ***)
1523 2788 1690 2834 Derselbe

118 2831 302 2879 Vergleieh
335 2834 446 2870 findet
477 2835 554 2871 sich
587 2836 636 2871 im
661 2837 968 2881 vorausgehenden
994 2838 1193 2872 Schreiben.
1242 2837 1365 2871 Wofiir
1389 2836 1438 2870 ist
1463 2835 1557 2869 diese
1582 2835 1691 2869 Uber-

117 2879 367 2928 einsfimmung
389 2883 650 2928 beweiskraftig
659 2883 677 2918 Ῥ
