2098 3432
68 1933 70 1936 ,
118 1894 272 1944 {Equam
308 1895 352 1932 de
376 1895 544 1931 societate
569 1895 623 1931 vel

113 1942 256 1991 *liquos
266 1943 340 1979 late
350 1944 436 1978 sunt
445 1943 623 1978 occasione

110 1995 244 2036 ,guerre
273 1990 327 2026 vel
363 1989 536 2026 discordie
570 2001 624 2025 ec-

120 2036 224 2075 deuio
251 2037 312 2074 vel
337 2036 548 2085 societatis,
584 2037 622 2072 in

118 2083 259 2121 iustum
283 2084 512 2121 deducantur.

115 2398 205 2442 eunt
219 2397 264 2432 ab
279 2397 348 2442 his,
373 2397 435 2444 qui
449 2409 519 2434 non
538 2400 623 2433 sunt

49 2442 89 2480 ’,ἶ
120 2442 352 2489 ᾱοσοσίοῡιῒθ,
366 2445 621 2490 restituantur-3

53 2490 61 2494 ³
75 2503 90 2520 -'
117 2489 174 2530 ul
205 2491 238 2527 ai
271 2502 332 2528 eas
354 2493 621 2538 recuperaverit,

59 2620 100 2676 ζ’
120 2630 183 2668 der
210 2630 536 2669 Friedensurkunde
571 2634 622 2669 ist

91 2688 94 2689 ’
118 2676 344 2717 uohfflcker
353 2680 455 2716 nicht
467 2681 620 2727 zufallig;

16 2795 18 2797 ‚
55 2746 106 2787 ts.
121 2736 183 2771 „es
197 2737 276 2782 *yar
287 2726 474 2773 jedenfalls
489 2730 564 2764 eret
579 2740 622 2764 zu

638 403 812 439 'domino
835 403 1071 450 imperatore
1103 401 1163 438 vel

659 450 741 486 eius
765 450 917 497 nuntio,
942 449 1025 496 ipso
1049 450 1164 496 ponte

639 486 642 530 fl
658 499 884 534 remanente
891 507 979 533 eum
989 496 1166 532 omnibus

639 555 642 577 a
658 545 738 580 suis
749 544 987 580 utilitatibus
1002 543 1165 579 Placen-

658 591 774 633 tinis:
799 591 859 628 ita
889 593 1039 637 tamen,
1065 591 1166 635 quod

657 640 868 674 teneantur
904 648 984 674 sem
1011 648 1055 674 er
1088 637 1163 674 sol-

659 695 747 722 vere
779 685 911 722 fletum
945 685 995 721 ab
1023 684 1164 721 atissae

659 732 853 769 Sanctae-1
854 733 956 768 uliae
964 732 1164 768 deBrixia.

640 778 707 841 {Et
731 780 761 815 si
795 791 884 826 quae
916 782 999 815 sunt
1023 779 1181 814 similes.1

1179 1023 1183 1243 ι

3 1264 6 1265 ’
121 1268 213 1319 [82]
264 1269 444 1306 Sententie
478 1279 624 1315 quoque,
663 1267 752 1311 [22.]
800 1265 980 1302 Sententie
1020 1276 1166 1312 quoque,

91 1340 102 1351 ι
120 1317 325 1367 ψάοίιπθ
333 1316 625 1362 secundumleges
662 1325 750 1360 quae
790 1313 864 1349 iure
904 1315 942 1348 et
978 1313 1166 1348 secundum

91 1362 94 1367 ‘
184 1364 408 1411 &amquam
420 1363 476 1399 vel
489 1363 626 1410 aliquos
661 1361 757 1406 leges
798 1361 839 1396 et
874 1359 1168 1396 eonsuetudines

89 1413 104 1462 ξ
119 1370 186 1451 ff
204 1411 372 1448 societate
411 1411 486 1447 late
529 1412 623 1454 sunt,
662 1410 785 1443 contra
798 1408 950 1455 aliquem
964 1408 1018 1443 vel
1033 1407 1167 1454 aliquos

62 1472 99 1490 r
119 1461 285 1504 ficuum
311 1458 342 1494 si
365 1460 484 1494 tamen
503 1459 626 1493 eontra
662 1455 706 1491 de
742 1455 908 1491 societate
945 1455 1040 1490 latae
1073 1456 1167 1498 sunt,

83 1511 101 1538 ἦθ’»
121 1515 181 1546 ,σοι
202 1507 374 1550 tenerent,
408 1505 440 1541 si
471 1505 624 1552 gratiam
661 1505 817 1547 teneant,
843 1503 874 1538 si
890 1505 1008 1538 tamen
1034 1502 1077 1537 de
1093 1502 1167 1537 iure

662 1552 785 1586 contra
821 1561 880 1585 eos
915 1551 1095 1593 tenerent,
1137 1549 1167 1584 si

661 1598 814 1643 gratiam
827 1597 1050 1644 imperatoris
1061 1597 1167 1632 habe-

661 1647 751 1681 rent.

61 1565 80 1571 ’
101 1560 105 1601 J
119 1553 341 1603 inperatoris
364 1553 546 1589 haberent.

107 1848 213 1895 [a]
259 1847 336 1892 Que
377 1859 458 1884 vero
501 1849 625 1884 contra
663 1848 752 1893 [23.]
791 1846 887 1891 Quae
928 1858 1008 1883 vero
1046 1849 1167 1883 contra

661 1894 813 1950 aliquem
852 1895 906 1930 vel
947 1895 1082 1941 aliquos
1124 1894 1167 1929 de

661 1943 829 1978 someta‘oe
850 1942 945 1978 latae
962 1944 1047 1978 sunt
1071 1953 1166 1977 occa-

660 1989 756 2025 sione
767 1991 795 2024 ⁸)
833 1989 1030 2025 discordiae
1062 1989 1168 2024 eccle-

660 2208 750 2253 [24.]
787 2207 1040 2251 Pomessiones,
1078 2218 1165 2254 quas

658 2255 806 2302 quisque
823 2255 866 2290 de
882 2255 1050 2290 societate
1073 2256 1164 2290 ante

657 2303 810 2349 tempus
859 2311 1024 2346 guerrae
1063 2301 1164 2338 iuste

657 2350 813 2394 tenebat,
846 2350 877 2385 si
908 2359 980 2396 per
1002 2349 1079 2385 vim
1106 2350 1165 2384 ab·

657 2397 753 2432 latae
765 2399 850 2432 sunt
863 2397 906 2432 ab
925 2397 992 2440 his,
1019 2397 1164 2443 quinon

658 2446 742 2480 suut
777 2444 820 2479 de
858 2445 1043 2487 societate,
1082 2443 1163 2479 sine

656 2490 847 2528 fiuctibus
881 2492 921 2527 et
948 2491 1088 2527 damno
1112 2502 1162 2526 re-

657 2539 871 2582 stituantur3
921 2539 974 2574 vel
1024 2539 1054 2573 si
1104 2549 1162 2573 eas

121 2206 211 2254 [a]
246 2207 500 2252 Possessiones,
534 2219 622 2255 quas

169 2254 179 2263 ‘
222 2266 266 2292 ue
306 2255 350 2291 de
389 2256 556 2292 societate
598 2266 624 2291 a

78 2311 97 2340 ῑ·
140 2339 145 2341 ,
321 2303 434 2347 regni
467 2303 548 2340 eius
572 2305 624 2338 te-

117 2349 226 2387 nebat
237 2361 300 2386 seu
313 2350 439 2394 tenuit,
459 2351 490 2386 si
503 2350 622 2386 ablate

86 2546 87 2550 ’
119 2537 237 2585 quiete
259 2539 450 2585 possideat,
474 2539 544 2575 nisi
559 2550 623 2586 per

706 2634 740 2679 a)
766 2633 832 2668 Die
866 2633 988 2667 Worte
1017 2643 1162 2678 guerrae

493 2775 502 2783 ·
657 2728 719 2763 der
744 2727 983 2763 amendierten
998 2727 1160 2781 Yorlage,

120 2786 623 2868 nungenssvertragemszieffi:
654 2775 982 2858 ffigggisurfflle
1007 2774 1162 2864 netehzgt

59 2891 71 2910 .·
655 2869 821 2907 soheinen
853 2869 963 2911 durch
996 2868 1054 2904 ein
1077 2868 1160 2902 Ver-

657 2917 763 2952 sehen
780 2916 995 2962 ausgefallen
1020 2923 1062 2950 zu
1075 2916 1159 2951 sein.

660 2037 783 2081 siae,in
791 2037 1165 2073 irritumdedueantur.
1226 2069 1234 2076 ,

1612 288 1695 329 277

1178 403 1238 445 'et
1266 402 1301 445 si
1323 415 1406 456 qua
1435 402 1517 444 alia
1546 402 1698 445 similia

1195 461 1294 502 sunt
1313 459 1423 502 facta
1438 460 1593 514 abipso
1615 460 1699 515 epi-

1195 530 1317 572 scopo
1347 517 1411 559 vel
1442 530 1467 559 a
1487 518 1697 559 communi

1194 574 1260 617 vel
1289 575 1341 616 ab
1371 574 1462 616 aliis
1493 574 1543 616 de
1571 575 1698 617 socie·-

1179 669 1182 684 ,
1194 633 1282 674 tate
1291 632 1507 674 nobiscum
1518 633 1582 675 vel
1591 645 1699 674 nun-

1195 691 1253 731 tio
1274 692 1427 739 nostro,
1459 691 1548 744 ipso
1573 691 1698 744 ponte

1180 748 1436 789 ¹remanente
1479 760 1574 790 cum
1613 760 1699 789 om-

1180 804 1319 846 ¹nibus
1364 804 1451 846 suis
1504 804 1698 847 utilitati-

1195 862 1273 904 bus
1317 861 1590 904 Placentinis:
1640 862 1700 904 ita

1195 921 1349 969 tamen,
1389 918 1501 973 quod
1529 920 1700 962 tenean-

1196 980 1266 1018 tur
1282 989 1445 1031 semper
1458 977 1614 1020 solvere
1629 977 1700 1019 fic-

1196 1036 1289 1075 tum
1319 1034 1551 1076 abbatissae
1574 1034 1701 1077 Sanc-

1196 1093 1264 1134 tae
1293 1091 1432 1133 Juliae
1467 1091 1518 1134 de
1547 1091 1700 1134 Brixia.

1196 1149 1252 1190 Et
1281 1148 1317 1190 si
1347 1161 1454 1203 quae
1475 1149 1579 1191 aliae
1600 1153 1700 1192 sunt

1197 1206 1365 1248 similes.

1255 1265 1322 1305 22.
1345 1262 1585 1306 Sententiae
1601 1276 1702 1318 quo-

1198 1334 1289 1375 que,
1321 1333 1428 1375 quae
1458 1321 1508 1363 de
1538 1321 1627 1363 iure
1658 1325 1699 1363 et

1197 1378 1427 1421 secundum
1483 1378 1597 1433 leges
1657 1380 1699 1421 et

1197 1435 1518 1479 consuetudines
1557 1437 1701 1478 contra

1198 1494 1381 1548 aliquem
1431 1493 1496 1535 vel
1540 1493 1700 1548 aliquos

1198 1551 1248 1594 de
1261 1551 1455 1594 societate
1466 1551 1576 1593 latae
1590 1555 1699 1602 sunt,

1195 1610 1378 1660 teneant,
1414 1607 1450 1651 si
1478 1609 1620 1650 tamen
1650 1608 1700 1651 de

1196 1667 1285 1709 iure
1316 1668 1461 1708 contra
1490 1678 1559 1708 eos
1586 1667 1701 1708 tene-

1196 1726 1302 1774 rent,
1341 1723 1377 1766 si
1415 1723 1593 1777 gratiam
1628 1736 1701 1766 no-

1198 1782 1331 1824 stram
1360 1781 1616 1823 habuissent.
1628 1781 1657 1816 ⁸)

1254 1839 1320 1880 23.
1352 1837 1468 1890 Quae
1489 1851 1585 1881 vero
1605 1850 1700 1881 con-

1196 1898 1262 1939 tra
1270 1896 1454 1950 aliquem
1462 1896 1530 1938 vel
1540 1896 1699 1950 aliquos

1196 1954 1246 1996 de
1263 1953 1459 1996 societate
1475 1954 1584 1995 latae
1600 1955 1698 1995 sunt

1195 2011 1406 2054 occasione
1437 2023 1609 2065 guerrae
1633 2011 1697 2053 vel

1195 2068 1420 2111 dlscordiae
1433 2069 1638 2119 ecclesiae,
1653 2068 1698 2110 in

1194 2126 1360 2168 irritum
1390 2125 1659 2168 deducantur.

1271 2185 1339 2226 24.
1397 2183 1696 2234 Possessiones‚

1196 2254 1300 2295 quas
1338 2241 1514 2295 quisque
1553 2240 1603 2282 de
1633 2253 1698 2283 so-

1196 2299 1344 2341 cietate
1390 2300 1485 2340 ante
1530 2300 1696 2353 tempus

1195 2368 1367 2411 guerrae
1388 2356 1497 2398 iuste
1518 2356 1696 2406 tenebat,

1194 2426 1374 2513 &luffa-b
1399 2426 1484 2519 ξιξ
1511 2413 1695 2524 qaulikiigg

1193 2530 1293 2572 sunt
1309 2528 1359 2570 de
1378 2528 1586 2578 societate,
1607 2527 1695 2569 sine

1238 2633 1274 2675 a)
1298 2631 1488 2666 Muratori:
1533 2642 1600 2665 non
1635 2630 1696 2665 ha-

655 2681 722 2725 vel‚
746 2680 875 2716 welche
898 2680 999 2715 nicht
1014 2680 1109 2715 bloss
1124 2680 1163 2714 in
1190 2678 1359 2714 buissent.
