2098 3432
470 314 521 355 16

576 426 660 478 Ego
690 424 906 466 Lotharius
945 436 1014 464 rex
1041 422 1233 476 promitto
1264 422 1304 462 et
1334 420 1420 462 iuro
1450 420 1524 462 tibi
1553 420 1714 463 domino
1743 434 1847 476 pape
1875 421 1999 465 Inno-

466 481 593 522 centio
624 483 786 533 tuisque
817 480 1112 520 successoribus
1152 478 1412 520 securitatem
1441 478 1521 518 vite
1553 480 1594 518 et
1623 478 1795 519 membri
1824 480 1866 519 et
1893 479 2001 521 male

465 537 678 590 captionis,
718 538 757 577 et
797 535 1009 576 defendere
1052 537 1249 588 papatum
1289 536 1328 574 et
1366 534 1560 574 honorem
1597 535 1733 582 tuum,
1769 535 1810 575 et
1847 535 2000 588 regalia

467 594 594 633 sancti
633 593 743 633 Petri
783 604 860 644 que
899 592 1022 632 habes
1060 603 1183 631 manu
1223 592 1382 638 tenere,
1420 591 1460 630 et
1499 601 1576 642 que
1614 602 1695 630 non
1732 590 1858 632 habes
1890 590 2004 632 iuxta

467 661 606 689 meum
635 661 751 701 posse
781 660 1028 700 recuperare.

467 761 510 808 b)
544 761 714 814 privileg
747 760 950 803 lnnocenz’
984 760 1023 803 ΙΙ.
1062 759 1131 802 fur
1161 758 1312 825 bothar-
1343 758 1396 801 ΙΙΙ.
1438 758 1542 802 betr.
1581 758 1646 802 die
1678 758 1894 802 investitur
1932 759 2006 803 der

840 826 1033 870 Bischiife
1064 827 1139 869 und
1171 826 1286 878 Abte,
1318 824 1354 870 8.
1383 825 1467 868 luni
1499 823 1640 878 1133.*)

952 898 1064 942 (Jaffe,
1089 899 1304 933 Bibliotheca
1327 899 1369 942 V,
1397 901 1462 934 522
1487 899 1525 941 f.)

613 1016 650 1025 ..
680 983 993 1037 m(ultipl)iciter
1029 983 1237 1024 ecclesiam
1270 983 1383 1023 filiali
1414 982 1624 1023 affectione
1653 982 1819 1035 diligere
1850 983 1892 1024 et
1919 995 2008 1024 eam

471 1053 493 1080 a
531 1052 748 1093 pravorum
784 1041 998 1080 hominum
1037 1039 1291 1080 infestatione
1330 1051 1371 1079 m
1393 1070 1401 1079 .
1423 1070 1462 1078 ..
1501 1038 1587 1092 (ad)
1629 1038 1870 1092 apostolicae
1900 1039 2006 1080 sedis

471 1096 782 1136 sollicitudinem
823 1098 1004 1149 spectare
1035 1095 1309 1148 cognoscitur,
1352 1097 1398 1134 ut
1428 1094 1478 1135 ad
1510 1095 1795 1136 exaltationem
1823 1095 1937 1148 regni
1967 1097 2008 1136 et

471 1152 654 1192 decorem
684 1152 839 1204 imperii
870 1152 1083 1204 diligenter
1113 1150 1355 1213 inviggilare)
1386 1182 1394 1190 .
1426 1181 1434 1190 .
1464 1181 1473 1190 .
1502 1151 1545 1190 in
1575 1182 1583 1190 .
1613 1181 1622 1190 .
1654 1181 1663 1191 .
1692 1151 1886 1204 (r)obore‚
1919 1163 2009 1192 coo-

469 1210 634 1261 perante
663 1208 855 1256 Domino,
887 1210 1047 1260 satagat
1077 1207 1289 1248 custodire.
1349 1206 1541 1248 Ceterum
1570 1218 1764 1259 personae
1794 1207 1889 1248 tuae
1916 1219 2009 1261 pro-

470 1263 611 1304 babilis
650 1263 690 1303 in
729 1263 806 1303 fide
845 1264 1041 1304 catholiea
1079 1263 1251 1303 firmitas
1292 1266 1333 1302 et
1368 1275 1631 1315 perseverans
1660 1262 1702 1303 in
1733 1262 1842 1315 (Dei)
1872 1274 2008 1304 amore

473 1319 705 1360 constancia
745 1322 928 1360 sanctam
967 1319 1176 1360 ecclesiam
1205 1319 1435 1359 Romanam
1474 1331 1520 1359 eo
1550 1318 1681 1371 magis
1711 1318 1788 1359 sibi
1815 1317 1912 1359 fecit
1942 1319 2011 1360 ob-

472 1376 653 1423 noxiam,
693 1388 770 1427 quo
807 1378 847 1415 te
885 1375 1124 1423 ferventius,
1161 1387 1185 1415 a
1222 1374 1351 1426 longis
1391 1375 1499 1415 retro
1538 1374 1785 1427 temporibus
1824 1374 2010 1428 operibus

472 1431 635 1484 pietatis
665 1431 975 1484 insist(entem).
1015 1433 1176 1471 tantum
1206 1431 1384 1471 laborem
1413 1442 1483 1483 pro
1515 1430 1837 1471 scismaticorum
1865 1429 2014 1472 contri-

473 1488 581 1528 tione
613 1489 653 1527 et
682 1487 917 1528 liberatione
947 1487 1127 1528 fidelium
1148 1486 1401 1527 evidentibus
1431 1486 1587 1527 indiciis
1618 1486 1886 1540 assumpsisse
1916 1498 2012 1528 con-

473 1555 675 1596 spicimus.

585 1599 673 1639 Hac
703 1598 840 1650 itaque
870 1600 1025 1639 ratione
1054 1598 1208 1638 inducti
1239 1598 1296 1650 (et
1325 1598 1387 1651 ex)
1419 1597 1702 1639 sublimatione
1731 1599 1805 1638 tua
1832 1597 2010 1639 fructum

477 1655 701 1695 maximum
731 1657 938 1707 sperantes
969 1654 1186 1695 catholicae
1217 1654 1406 1695 ecclesiae
1428 1656 1469 1695 et
1488 1653 1706 1695 christiano
1733 1654 1881 1707 populo
1919 1665 2012 1708 pro-

477 1712 704 1759 venturum,
735 1710 894 1762 cognita
913 1710 1087 1750 fratrum
1107 1711 1340 1751 nostrorum
1370 1710 1649 1763 episcoporum
1678 1711 1719 1750 et
1740 1709 2013 1751 ‘cardinalium

479 1766 635 1819 (atque)
671 1766 869 1806 nobilium
899 1767 1176 1807 Romanorum
1211 1768 1399 1819 prompta
1437 1766 1647 1807 voluntate
1688 1767 1810 1818 atque
1839 1765 2014 1815 consilio,

478 1825 528 1869 te,
560 1822 942 1862 christianissimum
962 1823 1185 1875 principem
1218 1824 1259 1863 et
1287 1822 1392 1863 inter
1424 1822 1617 1875 speciales
1646 1822 1754 1862 beati
1773 1821 1884 1862 Petri
1911 1821 2014 1863 fflios

478 1878 642 1919 unicum
673 1891 720 1918 ac
749 1878 1013 1931 praecipuum
1043 1878 1328 1931 def(ensorem)
1359 1878 1410 1918 ad
1439 1877 1597 1931 imperii
1627 1877 1801 1930 fastigia,
1830 1877 2016 1918 invocata

481 1934 654 1987 Spiritus
686 1934 815 1974 sancti
846 1935 986 1986 gratia,
1017 1934 1336 1975 sublimavimus.

591 1989 676 2030 Nos
698 1990 832 2042 igitur,
863 1991 1120 2031 maiestatem
1140 1990 1299 2043 imperii
1328 1990 1512 2031 nolentes
1542 1989 1724 2030 minuere
1753 1988 1824 2030 sed
1854 2001 2014 2042 augere,

481 2045 761 2098 imperatoriae
788 2045 1014 2098 dignitati(s
1034 2046 1348 2099 plenitu)dinem
1367 2046 1441 2086 tibi
1457 2045 1713 2086 concedimus
1729 2046 1771 2086 et
1789 2044 1944 2086 debitas
1973 2047 2015 2086 et

480 2101 690 2142 canonicas
721 2102 1031 2142 consuetudines
1062 2102 1284 2154 praesentis
1315 2101 1454 2154 scripti
1482 2101 1632 2154 pagina
1661 2100 1957 2142 confirmamus.

589 2157 967 2198 Interdicimus
1007 2159 1197 2207 autem,
1235 2170 1291 2198 ne
1332 2158 1614 2210 quisquam
1651 2159 1846 2207 eorum,
1886 2168 2012 2210 quos

479 2213 528 2253 in
570 2213 890 2266 Teut(onico)
934 2226 1092 2266 regno
1137 2213 1194 2254 ad
1237 2213 1597 2267 pontificatus
1645 2213 1891 2254 honorem
1932 2212 2014 2254 vel

481 2269 721 2310 abbatiae
760 2270 987 2321 regimen
1027 2270 1228 2310 evocari
1271 2269 1577 2322 contigerit,
1619 2268 1826 2322 regalia
1863 2280 2016 2309 usur-

479 2337 602 2378 pare
646 2325 727 2365 vel
771 2325 1019 2366 invadere
1065 2326 1270 2375 audeat,
1313 2325 1419 2366 nisi
1463 2325 1640 2366 eadem
1685 2325 1826 2378 prius
1864 2336 1888 2365 a
1923 2325 2015 2365 tua

480 2380 777 2434 (potes)tate
815 2381 1079 2434 deposcat,
1119 2382 1286 2434 quoda)
1326 2393 1381 2422 ex
1420 2381 1522 2430 his,
1561 2393 1694 2433 quae
1722 2380 1834 2422 iure
1862 2379 2014 2421 debet

480 2437 597 2486 tibi,
654 2439 775 2476 tuae
834 2437 1279 2489 magnificentiae
1336 2436 1581 2490 faciat.**)
1661 2437 1770 2478 Data
1824 2435 2013 2478 Laterani

481 2492 633 2533 oldus
662 2492 781 2532 Iunii.

596 2617 628 2660 a)
654 2615 742 2650 Jaffe
766 2617 935 2649 vermutet
958 2617 1048 2649 statt
1072 2615 1181 2659 quod:
1217 2616 1338 2659 atque;
1369 2614 1426 2648 ich
1450 2614 1584 2648 mochte
1607 2613 1643 2648 in
1676 2606 2015 2658 Ubereinsn'mmung

482 2663 548 2697 mit
585 2663 644 2697 der
667 2663 753 2696 betr.
780 2662 884 2695 Stelle
908 2661 955 2695 im
979 2661 1153 2694 Wormser
1176 2660 1394 2702 Konkordat,
1420 2660 1641 2703 Privilegium
1667 2659 1793 2694 calixti
1819 2659 2014 2694 schreiben:

485 2711 520 2743 et
546 2720 610 2753 que
634 2719 671 2742 ex
697 2708 751 2742 his
777 2708 848 2741 iure
872 2707 938 2741 tibi
963 2707 1073 2749 debet,
1098 2709 1178 2740 tuae
1202 2706 1477 2750 magnificentiae
1502 2706 1617 2740 faciat.

598 2755 628 2798 *)
653 2753 742 2788 Jaff&
759 2754 837 2796 gibt
854 2753 945 2787 diese
960 2753 1125 2786 Urkunde
1150 2753 1238 2786 nach
1262 2753 1354 2786 einer
1378 2752 1654 2786 verstiimmelten
1671 2750 1881 2785 Miinchener
1896 2750 2016 2785 Hand-

485 2801 607 2834 schrift
632 2800 843 2844 (‚‚l)escripsi
868 2810 907 2833 ex
931 2799 1055 2832 mutila
1080 2810 1166 2832 saec.
1182 2799 1260 2832 XII.
1285 2799 1483 2832 membrana
1506 2797 1734 2831 bibliothecae
1757 2796 1872 2840 regiae
1894 2796 2012 2830 Mona-

484 2847 612 2888 censis,
645 2846 816 2891 qnondam
848 2845 955 2879 codici
986 2845 1094 2878 latino
1119 2844 1313 2878 Monacensi
1341 2847 1428 2878 5254
1454 2843 1722 2887 agglutinata.“)
1770 2842 1823 2886 **)
1847 2841 1926 2886 Vgl.
1952 2842 2015 2876 das

483 2893 656 2926 Wonnser
680 2891 882 2926 Konkordat
913 2902 946 2925 u.
971 2890 1135 2924 Narratio
1169 2890 1210 2924 de
1242 2890 1283 2924 el.
1307 2890 1407 2925 Loth.
1439 2900 1468 2924 c.
1494 2892 1514 2924 6
1547 2890 1648 2923 nebst
1669 2888 1769 2924 Amn.
1815 2887 1931 2923 Schon
1961 2888 2017 2922 bei

2094 1248 2098 1259 ...
2092 1167 2098 1195 ....
2081 1042 2098 1155 Δᾳῶηοῐ
2087 939 2098 1030 anu-m..
2086 867 2088 871 ’
2086 839 2088 847 ”
