2098 3432
29 640 70 815 g

37 814 82 971 {ss

1641 265 1696 306 23

239 375 300 418 Ut
336 375 478 416 autem
520 373 699 429 simplici
739 375 855 417 oculo
867 377 894 409 ει)
930 389 1005 417 nos
1043 376 1120 417 hec
1150 389 1228 429 que
1261 376 1438 418 diximus
1469 376 1702 418 desiderare

125 444 362 487 cognoscas,
401 431 633 485 legatum
681 434 825 473 tuum
868 432 1119 474 cardinalem
1171 433 1223 474 ad
1269 446 1344 475 nos
1390 434 1563 488 dirigaS,
1606 448 1702 488 quo

123 491 379 546 presente
409 490 462 531 et
491 489 806 531 consulente
838 489 982 531 eclesie
1013 490 1195 531 desolate
1226 493 1482 532 succuratur.

239 546 352 589 Scire
387 547 528 588 autem
567 550 608 587 te
637 547 750 588 volo:
793 546 911 600 quia,
948 547 1132 588 natale
1172 547 1385 588 Domini
1425 548 1577 603 Spire
1617 561 1701 590 ce-

28 588 58 638 so
123 602 412 654 lebraturi,
451 604 768 645 convocatis
799 603 1165 658 principibus,
1197 604 1256 646 de
1286 605 1517 647 Romana
1546 618 1700 660 expe-

111 660 339 705 dicione
379 661 750 702 tractabimus.
810 661 872 702 Ad
906 674 1033 714 quam
1063 661 1220 703 curiam
1251 662 1437 715 legatum
1468 664 1510 704 et
1539 663 1700 704 litteras

122 719 226 761 &aas
242 718 354 760 mitti
384 717 680 769 desideramus,
710 732 784 772 per
812 731 916 771 quas
948 718 1274 773 archiepiscopos
1295 721 1337 760 et
1369 720 1538 761 abbat-es
1569 721 1701 773 quali-

124 786 302 840 cumque
332 775 654 827 comminatione
691 775 743 817 ad
774 778 897 817 tuum
927 778 970 818 et
997 778 1188 818 nostrum
1219 776 1437 818 servicium
1469 790 1704 819 commone-

254 995 317 1055 lx.
355 995 533 1052 Lethars
566 996 634 1052 ΙΙΙ.
666 995 974 1066 Lehensgesetz
1009 1012 1097 1053 vem
1133 998 1174 1054 6.
1211 997 1434 1054 November
1456 998 1564 1055 1136.

436 1084 712 1137 (constitutio
743 1085 795 1129 de
824 1084 1042 1130 feudorum
1074 1086 1388 1135 distractione.)

632 1160 726 1195 Mon.
755 1158 872 1195 Germ.
898 1160 991 1205 legg.
1018 1160 1066 1204 11,
1091 1163 1137 1196 83
1163 1161 1186 1195 f.

251 1237 467 1283 [chuonradi
499 1237 565 1273 111.
598 1235 763 1284 Capitula
801 1237 843 1272 de
876 1238 1060 1273 Beneficiis
1098 1241 1187 1273 1130
1222 1238 1284 1283 (M.
1312 1238 1353 1273 G.
1385 1239 1476 1284 legg.
1502 1239 1554 1282 II,
1581 1240 1702 1279 38**):

128 1287 159 1325 1..
186 1283 226 1320 Si
250 1286 332 1331 post
356 1285 504 1320 mortem
530 1285 661 1320 domini
686 1285 842 1319 vasallus
867 1285 921 1320 vel
946 1288 1027 1331 post
1050 1288 1196 1320 mortem
1223 1286 1347 1320 vasalli
1373 1285 1517 1320 heredes
1542 1287 1616 1321 eius
1641 1299 1702 1332 per

124 1342 252 1368 annum
281 1333 319 1367 et
344 1331 436 1367 diem
453 1332 629 1376 steterint,
655 1332 750 1377 quod
776 1332 953 1367 dominum
971 1332 1025 1367 vel
1043 1332 1204 1367 heredem
1230 1333 1305 1367 eius
1330 1345 1397 1367 non
1416 1334 1568 1368 adierint
1593 1334 1703 1368 fideli-

124 1379 236 1415 tatem
249 1379 456 1426 pollicendo,
482 1379 514 1414 si
530 1379 602 1414 tale
619 1379 668 1414 sit
684 1379 902 1422 beneficium,
920 1382 961 1414 ut
978 1379 1131 1414 fidelitas
1149 1380 1364 1426 praestanda
1382 1380 1430 1414 sit
1454 1380 1699 1415 investituram

123 1425 286 1473 petendo,
309 1425 428 1472 ipsum
451 1426 590 1472 perdat.
629 1429 662 1461 2.
688 1426 740 1461 Ut
763 1426 870 1461 liceat
896 1427 1046 1461 dominis
1073 1438 1190 1461 omnes
1216 1427 1445 1462 alienationes
1465 1428 1560 1462 feudi
1578 1428 1701 1471 factas,

121 1473 220 1511 mlh
255 1474 420 1508 obstante
444 1473 735 1520 praescriptione,
778 1485 949 1509 revocare.
1001 1477 1032 1509 3.
1060 1474 1232 1509 Similiter
1256 1474 1292 1508 in
1326 1475 1610 1509 ostandiciis
1644 1487 1703 1521 pe-

39 1543 42 1548 ·
113 1520 254 1557 findis.
302 1523 336 1556 4.
360 1520 453 1556 Item
477 1521 682 1556 siclericus
706 1521 875 1556 habens
908 1522 1193 1556 beneficium
1226 1532 1247 1555 a
1279 1533 1388 1566 rege
1423 1522 1599 1565 datum,
1632 1534 1699 1557 non

123 1567 238 1606 solum
261 1578 404 1614 persone
429 1570 485 1603 set
508 1568 651 1603 ecclesie
677 1568 812 1611 datum,
838 1568 953 1614 ipsum
969 1580 1030 1614 per
1055 1580 1154 1603 suam
1173 1569 1311 1614 culpam
1335 1569 1472 1615 perdat,
1498 1570 1635 1604 vivente
1660 1582 1699 1604 eo

124 1616 162 1650 et
193 1614 357 1651 honorem
390 1615 665 1650 ecclesiasticum
698 1615 851 1650 habente
884 1615 929 1650 ad
955 1627 1071 1660 regem
1097 1615 1290 1662 pertineat,
1322 1619 1403 1661 post
1436 1619 1583 1651 mortem
1618 1628 1696 1651 vcro

125 1661 200 1697 eius
233 1661 278 1697 ad
309 1673 541 1698 successorem
576 1665 781 1698 revertatur.
817 1683 861 1687 —
894 1663 943 1696 Zu
970 1663 1185 1697 ostandiciae
1219 1663 1287 1707 vgl.
1314 1663 1446 1708 Corpus
1471 1663 1558 1698 iuris
1583 1664 1696 1698 civilis

124 1708 184 1744 lib.
210 1708 303 1744 fond.
327 1709 364 1744 II
388 1709 446 1745 tit.
463 1710 542 1744 XL:
568 1710 819 1744 Hostendiciae
838 1710 1004 1744 dicuntur
1029 1709 1255 1753 adiutorium,
1282 1711 1374 1755 quod
1399 1711 1534 1745 faciunt
1559 1711 1695 1745 domnis

123 1755 268 1791 Romam
293 1767 371 1791 cum
395 1767 477 1801 rege
501 1757 538 1791 in
562 1757 699 1792 hostem
724 1757 951 1802 pergentibus
976 1758 1117 1800 vasalli,
1153 1758 1212 1803 qui
1245 1769 1322 1791 cum
1356 1758 1405 1792 eis
1438 1769 1507 1792 non
1541 1758 1693 1799 vadunt;

124 1802 219 1839 verbi
241 1803 358 1849 gratia
382 1803 420 1838 in
444 1804 655 1839 Lombardia
680 1804 723 1839 de
748 1804 863 1839 modio
880 1804 951 1839 XII
978 1804 1150 1848 denarios,
1177 1805 1213 1838 in
1231 1804 1422 1839 Teutonica
1441 1807 1535 1839 terra
1552 1806 1695 1840 tertiam

122 1851 260 1933 m
282 1850 485 1932 ¹fruc-tuum,
517 1851 614 1887 facta
645 1852 905 1897 computatione
938 1852 1115 1886 fructuum
1149 1852 1364 1886 solummodo
1390 1852 1464 1886 eius
1489 1853 1593 1896 anni,
1628 1864 1696 1898 quo

297 1897 480 1944 aciunt]²“)

237 1973 459 2017 Lotharius
469 1975 538 2030 **)
583 1975 723 2018 divina
765 1975 929 2017 favente
970 1974 1189 2017 clementia
1225 1975 1373 2016 tertius
1412 1975 1697 2017 Romanorum

85 2029 93 2037 '
122 2030 362 2087 imperator,
400 2032 513 2087 pius,
543 2033 658 2083 felix,
698 2033 889 2074 universo
919 2033 1082 2087 populo.
1151 2032 1383 2086 Imperialis
1423 2033 1696 2075 benivolentie

125 2088 336 2144 proprium
365 2089 596 2132 iudicamus
627 2090 910 2132 subiectorum
941 2090 1156 2132 commoda
1186 2089 1451 2143 investigare,
1483 2092 1524 2131 et
1554 2103 1697 2132 eorum

126 2145 312 2200 diligenti
349 2159 449 2189 cura
486 2147 643 2190 mederi
687 2147 1011 2197 calamitatibus,
1057 2147 1247 2189 similiter
1291 2148 1446 2189 bonum
1484 2148 1698 2202 publicum

124 2205 284 2246 statum
315 2216 362 2246 ac
392 2203 638 2258 dignitatem
669 2204 832 2259 imperii
861 2204 1033 2259 privatis
1065 2204 1290 2246 commodis
1320 2217 1556 2259 preponere.
1587 2205 1697 2256 Quo-

125 2259 233 2302 oiroa
250 2261 436 2303 omnium
455 2262 640 2304 fidelium
661 2266 898 2304 nostrorum
918 2264 1006 2304 tam
1026 2262 1264 2303 futurorum
1285 2275 1413 2315 quam
1441 2263 1698 2316 presentium

125 2317 285 2367 noverit
312 2318 575 2371 universitas,
607 2320 786 2374 qualiter
816 2319 918 2361 dum
949 2322 1050 2374 aput
1079 2319 1300 2361 Roncalias
1331 2319 1560 2361 secundum
1591 2320 1697 2361 anti-

239 2434 274 2479 a)
298 2434 429 2470 Matth.
454 2434 515 2478 VI,
542 2437 597 2471 22.

249 2481 281 2525 *)
317 2482 420 2517 Pertz
455 2481 522 2516 hat
551 2482 645 2518 diese
669 2483 841 2528 Kapitula
877 2482 1022 2517 Konrad
1061 2482 1108 2517 ΙΙ.
1147 2481 1380 2526 zugewiesen;
1418 2482 1509 2516 nach
1546 2481 1695 2527 Stumpf,

125 2526 396 2564 Reichskanzler
419 2540 472 2564 nr.
499 2532 592 2564 3365
618 2542 650 2565 ιι.
679 2529 908 2565 Giesebrecht
923 2529 984 2572 IV,
1010 2532 1051 2564 41
1072 2529 1174 2564 Anm.
1202 2529 1281 2563 sind
1306 2529 1355 2563 sie
1380 2541 1446 2563 von
1470 2529 1613 2563 Konrad
1630 2529 1696 2564 111.

128 2574 291 2611 erhssen.
339 2575 468 2620 Waitz,
494 2576 589 2612 Verf.
614 2577 682 2620 VI,
718 2579 739 2612 2
763 2577 830 2611 hat
854 2577 904 2611 sie
928 2576 1140 2621 neuerdings
1165 2579 1268 2611 unter
1292 2576 1477 2611 Annahme
1502 2576 1596 2610 einer
1621 2580 1697 2621 spii-

125 2623 223 2658 tel'en
245 2621 446 2658 Bedaktion
470 2623 615 2659 Konrad
631 2624 679 2659 H.
705 2623 985 2669 zugeschrieben.
1011 2624 1179 2668 Dagegen
1204 2624 1342 2658 wendet
1367 2623 1443 2657 sich
1470 2622 1697 2658 Giesebrecht

123 2667 160 2705 in
186 2669 253 2705 den
276 2669 505 2715 Naohtragen
530 2682 607 2707 zum
634 2671 682 2706 11.
708 2671 774 2706 Bd.
802 2670 836 2706 S.
864 2674 943 2706 714.
978 2691 1021 2696 ——
1059 2670 1162 2705 Nach
1186 2670 1328 2713 Ficker,
1353 2670 1442 2705 Vom
1467 2670 1695 2704 Heerschilde

123 2714 160 2752 S.
183 2718 230 2752 66
253 2716 388 2752 kommt
411 2729 448 2752 es
473 2717 574 2752 nicht
598 2729 658 2753 vor
683 2718 745 2753 der
768 2718 874 2753 Mitte
900 2717 960 2752 des
990 2720 1043 2752 12.
1068 2717 1194 2752 Jahrh.
1219 2729 1296 2761 vor,
1331 2717 1413 2752 dass
1437 2717 1695 2761 Vergabungen

124 2773 166 2799 m
189 2762 334 2799 Lehen
359 2775 403 2799 an
427 2764 604 2800 Reichski
617 2765 753 2800 rchen
778 2765 945 2810 gemacht
960 2765 1108 2799 werden.
1152 2765 1206 2807 **)
1223 2765 1325 2799 Pertz
1342 2765 1422 2808 gibt
1439 2764 1550 2799 dieses
1569 2764 1694 2799 Gesctz

125 2808 174 2845 im
211 2810 293 2855 aug.
327 2811 418 2846 nach
452 2812 531 2847 dem
555 2811 638 2847 Cod.
665 2812 850 2847 Palatinus
875 2823 926 2846 nr.
954 2814 1023 2847 772
1048 2812 1084 2846 in
1111 2812 1172 2846 der
1194 2811 1470 2846 Vatikanischen
1495 2811 1697 2846 Bibliothek

130 2859 204 2901 (12.
219 2857 319 2903 Jhd.)
344 2860 448 2893 unter
463 2858 676 2904 Anffihrung
701 2860 762 2894 der
777 2859 970 2894 Varian‘ten
997 2871 1027 2893 v.
1055 2859 1138 2894 aoht
1154 2858 1304 2893 anderen
1322 2858 1614 2901 Handschristen;
1642 2858 1696 2892 ich

126 2904 304 2949 fiborgehe
327 2905 483 2950 letztere,
509 2906 555 2940 da
579 2906 630 2941 sie
654 2907 730 2941 eine
756 2906 931 2940 sachliche
955 2906 1166 2951 Bedeutung
1190 2906 1291 2940 nicht
1315 2906 1440 2940 haben.
