2098 3432
448 311 503 350 24

455 433 627 473 quorum
649 419 981 460 consuetudinem
1006 419 1334 471 [imperatorum]
1344 419 1371 451 ²²)
1400 431 1472 471 pro
1492 419 1650 459 iustitia
1679 421 1720 460 et
1749 431 1846 472 pace
1874 421 1988 472 regni

453 476 726 529 componenda
757 475 999 523 sederemus,
1030 474 1166 515 omnia
1195 486 1299 526 quae
1330 473 1380 514 ad
1409 474 1601 515 honorem
1621 474 1779 528 imperii
1808 477 1988 528 spectare

454 532 640 572 videntur
670 531 837 572 sollicite
859 530 1108 582 indagantes,
1138 529 1518 583 pemitiosissimam
1546 531 1703 583 pestem
1734 533 1774 572 et
1801 531 1859 572 rei
1886 531 1988 584 pub-

452 589 526 628 lice
555 600 635 627 non
666 587 865 627 mediocre
896 586 1186 626 detrimentum
1216 585 1456 626 inferentem
1485 597 1664 626 resecare
1692 587 1986 640 proposuimus.

448 644 527 684 Per
556 644 707 683 multas
729 643 837 683 enim
867 642 1212 694 interpellationes
1243 641 1293 681 ad
1323 653 1396 682 nos
1425 641 1553 682 factas
1583 641 1807 692 didicimus,
1835 642 1986 684 milites

448 699 641 739 beneficia
675 698 828 751 passim
866 697 1112 746 distrahere,
1157 709 1203 737 ac
1240 697 1298 737 ita
1335 697 1520 737 omnibus
1551 698 1779 747 exhaustis,
1818 710 1985 739 suorum

449 755 652 795 seniorum
689 754 851 794 servitia
890 752 1189 804 subterfugere;
1228 765 1299 805 per
1338 752 1445 804 quod
1481 753 1586 794 vires
1624 754 1783 807 imperii
1812 754 1986 795 maxime

449 812 680 850 attenuatas
711 809 984 861 cognovimus,
1015 809 1112 848 dum
1134 821 1318 862 proceres
1348 808 1475 849 nostri
1505 809 1655 850 milites
1685 822 1780 850 suos
1800 810 1986 851 omnibus

448 866 652 906 beneficiis
694 867 833 905 exutos
875 864 925 904 ad
965 864 1123 904 felicem
1163 865 1290 905 nostri
1329 864 1503 906 nominis
1534 865 1827 917 expeditionem
1855 866 1988 906 trans-

449 922 593 962 ducere
624 933 703 962 non
733 921 906 961 valeant.
964 920 1141 960 Hortatu
1171 921 1309 972 itaque
1352 923 1474 972 atque
1517 921 1683 962 consilio
1727 920 1988 975 archiepisco-

448 990 592 1030 porum
614 977 941 1030 [,episcoporum]
954 978 991 1024 ³¹),
1010 975 1169 1024 ducum,
1186 976 1479 1024 marchionum,
1495 976 1690 1016 comitum
1704 977 1988 1030 palatinorum,

447 1036 752 1084 ceterorumque
773 1032 1049 1080 nobilium,
1079 1032 1202 1072 simul
1230 1033 1270 1072 et
1290 1031 1480 1079 iudicum,
1509 1031 1610 1072 haec
1639 1032 1799 1073 edictali
1827 1033 1916 1085 lege
1946 1033 1987 1074 in

447 1101 567 1128 evum
597 1088 682 1129 Deo
712 1089 884 1141 propitio
915 1087 1088 1127 valitura
1118 1088 1382 1136 decernimus,
1413 1088 1607 1128 nemini
1636 1087 1803 1129 licere
1833 1088 1988 1130 bene-

447 1144 573 1184 ficia
618 1156 715 1196 que
752 1156 775 1184 a
811 1143 1258 1186 suisfsenioribus
1302 1144 1481 1191 habet,
1527 1143 1722 1196 absque
1758 1143 1988 1197 ipsorum

447 1201 709 1252 permissu
754 1198 1084 1247 distrahere,
1127 1199 1469 1251 velaliquod
1508 1200 1864 1241 commertium
1903 1200 1990 1241 ad-

447 1268 630 1296 versus
688 1257 917 1296 tenorem
964 1257 1148 1295 nostre
1198 1255 1613 1296 constitutionis
1662 1255 1987 1308 excogitare,

447 1324 535 1364 per
574 1311 711 1363 quod
750 1310 956 1363 imperii
994 1311 1074 1351 vel
1113 1311 1328 1352 dominii
1358 1311 1628 1351 minuatur
1655 1311 1885 1353 utilitas.
1944 1312 1988 1353 Si

449 1367 539 1418 quis
579 1380 671 1407 vero
713 1370 851 1407 contra
890 1366 1154 1407 saluberrima
1193 1368 1328 1407 nostre
1366 1366 1667 1408 constitutionis
1696 1370 1910 1421 praecepta
1939 1368 1990 1409 ad

453 1422 685 1463 huiusmodi
705 1422 891 1463 illicitum
911 1423 1195 1462 commertium
1215 1423 1438 1471 accesserit,
1468 1423 1533 1463 vel
1554 1422 1706 1475 aliquid
1735 1423 1778 1464 in
1806 1423 1990 1465 fraudem

447 1479 548 1530 legis
578 1478 802 1518 machinari
832 1478 1102 1530 temptaverit,
1132 1479 1262 1531 pretio
1284 1490 1330 1519 ac
1350 1478 1540 1519 beneficio
1571 1491 1613 1519 se
1644 1478 1867 1520 cariturum
1897 1492 1990 1532 cog-

445 1538 598 1575 noscat.
658 1534 845 1574 Notarios
875 1546 967 1574 vero
1000 1534 1069 1585 qui
1100 1547 1221 1587 super
1249 1534 1321 1574 tali
1353 1536 1563 1575 contractu
1584 1534 1767 1575 libellum
1786 1534 1850 1576 vel
1879 1535 1988 1577 aliud

447 1591 768 1630 instrumentum
811 1589 1140 1642 conscripserint,
1183 1591 1275 1643 post
1323 1590 1623 1631 ammissionem
1669 1590 1788 1631 officii
1824 1590 1988 1632 infamie

447 1645 672 1698 periculum
709 1646 911 1686 sustinere
951 1645 1190 1686 sanccimus.
1247 1646 1355 1686 Data
1394 1646 1456 1686 die
1487 1647 1523 1686 6.
1555 1646 1706 1687 mensis
1736 1646 1986 1697 Novembris,

447 1701 662 1742 indictione
696 1703 758 1741 15.

450 1870 495 1924 Χ.
539 1869 754 1924 Schreiben
787 1869 862 1924 der
895 1869 970 1924 auf
1000 1869 1087 1923 dem
1123 1869 1371 1937 Bamberger
1403 1869 1646 1937 Reichstage
1678 1871 1987 1926 versammelten

452 1946 625 2001 Fiirsten
663 1961 714 2001 an
752 1946 827 2000 den
862 1945 1100 2000 Erzbischof
1128 1945 1287 2000 Kourad
1318 1946 1348 2000 l.
1382 1961 1456 2000 von
1486 1945 1698 2014 Salzburg,
1733 1947 1808 2003 Mai
1832 1946 1988 2013 1138.*)

935 2040 1048 2084 (Jaffe,
1075 2041 1293 2075 Bibliotheca
1315 2041 1356 2083 V,
1384 2043 1450 2076 529
1476 2041 1513 2086 f.)

565 2117 664 2160 [Otto
698 2117 784 2151 Fris.
820 2117 944 2152 Chron.
969 2118 1054 2160 VII,
1081 2121 1141 2152 23:
1175 2117 1351 2153 Conradus
1385 2129 1441 2151 rex
1471 2118 1507 2151 in
1540 2119 1758 2163 pentecosten
1790 2118 1919 2152 curiam
1951 2118 1987 2152 in

449 2164 604 2207 praefata
628 2163 767 2197 civitate
793 2163 1014 2207 (Bamberg)‚
1050 2167 1090 2197 ut
1115 2164 1309 2198 condictum
1334 2166 1419 2206 erat,
1445 2175 1520 2198 cum
1545 2165 1691 2198 maximo
1715 2164 1812 2208 regni
1837 2164 1988 2209 fastigio,

449 2209 596 2242 maximo
621 2211 786 2243 conventu
826 2210 1016 2254 principum
1045 2210 1186 2251 habuit,
1222 2210 1293 2244 ubi
1327 2220 1472 2243 omnes
1507 2210 1703 2244 Saxones
1733 2210 1865 2244 simul
1897 2221 1988 2244 cum

446 2254 648 2289 viduata
680 2255 969 2299 imperatrice
1005 2256 1258 2298 venientes,
1297 2256 1419 2290 ultro
1457 2267 1498 2290 se
1535 2267 1642 2290 suae
1680 2256 1852 2290 ditioni
1889 2257 1989 2290 sub-

447 2300 607 2336 didere.
668 2301 856 2335 Canonicus
895 2301 1188 2344 wissegradensis
1225 2301 1322 2336 Cont.
1358 2302 1467 2336 Cosm.
1505 2302 1565 2346 (M.
1599 2301 1640 2337 G.
1666 2302 1700 2337 S.
1726 2302 1759 2336 S.
1783 2302 1853 2344 IX,
1889 2302 1987 2346 144):

447 2345 572 2380 Omnes
597 2347 766 2391 principes
791 2350 827 2380 et
851 2347 975 2391 quique
1001 2348 1165 2392 primates
1191 2359 1230 2381 ac
1254 2347 1441 2381 familiares
1467 2348 1561 2391 regni
1588 2348 1640 2381 sui
1667 2349 1878 2390 statuerunt,
1905 2359 1987 2393 qua-

386 2426 392 2432 ,
447 2394 546 2426 tenus
572 2393 606 2426 in
631 2395 750 2426 sancta
775 2393 992 2427 solemnitate
1017 2394 1266 2438 penthecostes,
1293 2394 1382 2438 quod
1408 2395 1484 2427 erat
1505 2397 1555 2428 11.
1574 2393 1652 2428 Kal.
1677 2394 1771 2436 Jun.,
1797 2394 1927 2428 curiam
1953 2397 1988 2428 et

446 2438 625 2472 concilium
651 2439 822 2472 Bamberk
847 2439 882 2472 in
906 2439 1046 2473 civitate
1072 2440 1241 2481 facerent,
1267 2443 1303 2473 et
1328 2442 1366 2473 ut
1390 2450 1505 2473 omnes
1531 2440 1575 2473 ad
1601 2451 1743 2483 regnum
1771 2450 1871 2474 suum
1897 2451 1987 2485 spec-

445 2486 559 2518 tantes
584 2484 711 2518 ibidem
729 2484 764 2518 in
780 2484 955 2528 praedicto
973 2487 1123 2530 tempore
1141 2485 1353 2527 con-veniant,
1379 2487 1415 2519 et
1439 2497 1459 2518 u
1471 2487 1486 2518 t
1510 2486 1576 2519 ele
1589 2486 1652 2519 cti
1666 2497 1685 2519 ο
1710 2496 1789 2520 sua
1812 2486 1988 2538 pariter

444 2541 488 2563 co
499 2531 601 2564 rrob
613 2532 812 2564 oraretur
830 2531 879 2564 ab
897 2541 916 2564 o
928 2541 958 2564 m
970 2531 1111 2573 nibus,
1129 2534 1165 2565 et
1181 2531 1331 2574 insignia
1348 2531 1478 2574 regalia
1494 2542 1606 2565 coram
1624 2531 1758 2565 cunctis
1776 2532 1990 2576 principibus
2032 2543 2034 2546 ·

445 2587 465 2609 a
490 2575 739 2620 Ratisponense
764 2576 848 2610 duce
871 2576 1111 2621 reciperentur.
1146 2597 1188 2601 —
1215 2577 1406 2610 Bernhardi
1432 2579 1603 2611 vermutet
1628 2577 1662 2611 in
1690 2577 1818 2612 diesem
1844 2577 1987 2612 Bericht

444 2621 518 2656 eine
543 2622 609 2655 Art
633 2622 772 2665 Auszug
797 2621 856 2655 des
880 2622 1292 2666 Einladungsschreibens
1319 2634 1394 2656 zum
1419 2623 1630 2667 Bamberger
1654 2623 1892 2668 Reichstage]

557 2687 787 2728 Venerabili
835 2687 996 2728 domino
1033 2687 1252 2741 C(onrado)
1292 2687 1366 2728 Dei
1406 2688 1539 2740 gratia
1580 2688 1890 2741 Salzburgensis
1926 2701 1988 2729 ec-

443 2743 588 2783 clesiae
631 2743 925 2796 archiepiscopo
966 2744 1290 2796 T(heodewinus)
1335 2745 1498 2784 sanctae
1540 2745 1753 2786 Romanae
1798 2744 1987 2786 ecclesiae

533 2814 544 2815 ἶ
559 2814 592 2874 a)
618 2814 682 2866 von
706 2833 805 2866 Pertz
831 2843 891 2866 aus
917 2832 982 2866 den
1007 2833 1155 2867 anderen
1178 2833 1448 2867 Handschriften
1474 2833 1739 2876 eingeschaltet.

558 2878 589 2920 *J
613 2877 702 2912 Jaffe
727 2878 806 2922 gibt
830 2878 922 2912 diese
937 2879 1102 2913 Urkunde
1126 2878 1214 2913 nach
1240 2879 1416 2914 derselben
1434 2878 1680 2922 Handschrift‚
1705 2878 1768 2913 wie
1785 2878 1848 2913 Nr.
1866 2878 1926 2922 VI,
1954 2879 1987 2913 b.
