2098 3432
1636 296 1662 337 3

98 408 270 445 electione
294 419 359 443 sua
382 409 419 443 et
443 408 647 443 confirmata
672 408 715 443 ab
741 408 913 451 omnibus,
940 408 982 442 ab
1012 407 1182 454 episcopis
1207 419 1312 453 quam
1338 409 1496 454 pluribus
1521 409 1558 443 in
1582 409 1671 454 epis-

95 457 260 503 copatum
276 455 491 490 sollemniter
507 457 562 490 881
587 455 780 491 ordinatus.
818 455 991 490 Saxonum
1021 466 1098 489 vero
1123 455 1296 500 principes
1321 456 1414 490 ultra
1439 455 1574 490 Renum
1601 456 1670 490 dis-

92 502 220 550 positis
244 502 282 538 in
306 502 383 548 ripa
407 501 561 536 fluminis
587 502 661 536 sine
685 513 828 537 numero
853 502 979 536 castris
1006 501 1193 536 honorifice
1219 502 1468 546 consederunt,
1505 505 1542 538 et
1567 514 1672 548 supra

95 561 154 589 eos
185 549 377 596 Liupoldus
411 549 566 584 marchio
601 560 679 583 cum
714 549 800 584 duce
832 549 1012 584 Bawarico
1049 560 1127 583 cum
1159 560 1286 593 magno
1319 549 1471 584 militum
1515 550 1669 595 collegio.

94 596 175 633 Dux
198 598 315 632 81118111
339 595 538 631 Fridericus
570 596 735 631 adiuncto
767 597 835 631 sibi
871 596 1030 642 episcopo
1055 595 1263 637 Basilensi*)
1299 597 1491 642 ceterisque
1517 596 1670 632 Sweviae

91 643 317 691 principibus,
344 654 384 677 ac
402 643 598 689 quibusque
616 643 802 686 nobilibus,
829 655 847 678 e
866 643 1005 688 regione
1022 654 1062 677 ex
1081 643 1192 678 altera
1211 643 1299 678 Reni
1326 646 1426 689 parte
1451 644 1667 687 consederat,

96 693 135 727 et
155 689 251 727 faeta.
276 701 430 726 seorsum
456 690 653 736 principum
681 690 882 725 collectione
907 701 975 725 non
1000 690 1157 732 modica,
1184 692 1306 735 utpote
1333 691 1392 736 qui
1419 691 1573 726 animum
1599 692 1670 726 iam

94 737 133 777 in
166 748 313 784 regnum
347 737 550 772 intenderat
584 740 620 772 et
658 738 758 783 quasi
792 749 852 783 spe
885 739 982 772 certa
1005 739 1314 783 preoccupaverat,
1348 737 1483 782 fingens
1510 738 1670 773 timorem

51 811 53 813 .
91 784 445 831 Mogontiniensium‚
485 784 628 819 distulit
662 785 705 819 ad
745 785 941 830 principum
973 784 1088 819 venire
1119 784 1350 829 colloquium:
1388 787 1425 820 et
1456 788 1603 831 paratus
1634 786 1669 820 in

227 831 322 876 eligi,
348 831 411 867 sed
436 842 506 866 non
530 843 649 876 regem
674 832 812 876 eligere,
838 831 935 878 prius
953 831 1130 877 explorare
1156 831 1305 875 volebat,
1332 844 1434 877 quem
1452 844 1491 867 ex
1510 833 1669 867 omnibus

27 900 29 902 -
64 918 69 921 ⁷
94 878 290 927 pnnoipum
316 890 479 914 assensus
504 890 704 924 promovere
729 881 880 925 pararet.

210 928 242 963 2.
282 925 532 962 Convenientes
574 926 686 971 igitur
721 928 837 972 preter
877 926 990 972 ipsum
1025 928 1061 960 et
1093 937 1173 960 suos
1204 937 1322 961 omnes
1354 927 1453 971 regni
1484 927 1668 981 principes,

30 991 31 994 ¹
93 972 247 1018 gratiam
271 973 385 1008 sancti
403 972 556 1019 Spiritus
581 973 725 1008 hortatu
751 973 868 1008 domni
893 973 1084 1008 cardinalis
1108 985 1170 1019 per
1190 973 1418 1020 antiphonam
1435 974 1523 1009 Veni
1550 978 1669 1009 sancte

97 1019 250 1070 Spiritus
273 1019 486 1064 invocantes,
512 1021 624 1074 primo
650 1020 767 1055 decem
792 1031 833 1055 ex
859 1020 1007 1064 singulis
1034 1020 1224 1063 Bawariae,
1251 1021 1414 1064 Sweviae,
1442 1021 1671 1064 ffimconiae,

26 1063 27 1066 ¹
95 1066 264 1103 saxoniae
281 1067 467 1114 provinciis
491 1067 666 1113 principes
692 1067 835 1102 consilio
861 1067 1017 1102 utiliores
1043 1071 1309 1114 proposuerunt,
1337 1080 1482 1114 quorum
1508 1069 1669 1104 electioni

0 2947 16 3000 ss
87 2939 195 2976 8811011
218 2941 337 2978 fi'liher
359 2942 427 2978 mit
450 2943 583 2978 Lothar
606 2945 693 2979 iiber
718 2944 774 2979 die
798 2944 906 2979 Wahl
929 2945 1137 2980 verhandelt
1161 2945 1309 2981 worden.

94 1113 199 1151 ceteri
216 1125 333 1150 omnes
351 1125 531 1149 assensum
550 1115 691 1160 prebere
715 1114 1017 1160 promiserunt.**)
1059 1114 1107 1149 Hi
1124 1115 1177 1149 ita
1202 1127 1244 1150 ue
1261 1117 1333 1150 tres
1350 1126 1390 1150 ex
1406 1116 1577 1159 omnibus,
1595 1118 1669 1151 tam

94 1160 227 1198 divitiis
246 1172 351 1208 quam
365 1161 496 1196 virtute
510 1161 618 1196 animi
630 1162 894 1208 prestanciores,
909 1162 1042 1196 scilicet
1057 1162 1179 1196 ducem
1242 1162 1419 1206 derioum,
1434 1163 1669 1198 marchionem

93 1207 322 1255 Liupoldum,
358 1208 478 1244 ducem
505 1209 711 1244 Lotharium
742 1209 778 1244 18
804 1209 965 1244 concione
992 1209 1237 1253 designantes,
1274 1221 1380 1244 unum
1405 1221 1446 1244 ex
1471 1211 1584 1245 tribus
1611 1211 1669 1256 qui

93 1254 249 1302 placeret
272 1255 444 1296 omnibus,
469 1256 506 1290 in
530 1267 645 1301 regem
672 1256 754 1300 eligi
780 1258 1038 1302 persuaserunt.
1081 1255 1238 1291 Absente
1255 1259 1372 1292 autem
1391 1257 1476 1292 duce
1492 1257 1668 1293 Friderico

147 1302 156 1310 ”
182 1301 219 1338 111
244 1302 312 1338 duo
337 1302 398 1349 qui
423 1301 587 1346 aderant,
614 1303 771 1339 oblatum
797 1303 863 1338 sibi
890 1303 976 1348 regii
1002 1314 1125 1338 nomen
1151 1303 1305 1349 imperii,
1340 1305 1491 1350 profusis
1515 1305 1670 1340 lacrimis

96 1359 178 1395 gem
201 1360 312 1396 usque
337 1352 451 1385 terrae
477 1350 609 1394 defixis,
635 1350 817 1385 humiliter
842 1351 1070 1386 rennuebant.
1112 1350 1188 1385 Hoc
1213 1351 1333 1397 itaque
1358 1363 1525 1396 magnum
1553 1352 1668 1395 decus,

95 1397 132 1432 et
145 1397 368 1432 memorabile
386 1409 449 1432 888
465 1397 561 1443 prius
590 1397 761 1441 auditum,
788 1397 856 1432 iam
881 1399 1000 1432 nostro
1026 1400 1179 1444 tempore
1195 1398 1366 1433 Dominus
1392 1410 1474 1434 suae
1499 1400 1671 1434 concessit

92 1443 269 1488 eeclesiae,
293 1446 337 1479 111
353 1444 521 1479 laicorum
539 1445 673 1480 scilicet
688 1445 936 1480 illiteratorum
952 1445 1141 1480 humilitas
1166 1445 1391 1480 sanctissima
1415 1447 1609 1482 ostenderit
1633 1447 1669 1482 in

90 1490 282 1527 maioribus
297 1502 367 1527 non
385 1492 591 1534 ambiendis,
607 1499 722 1538 ‘quam
748 1492 940 1538 perniciose
966 1492 1169 1527 clericorum
1194 1495 1230 1527 et
1255 1493 1475 1528 literatorum
1500 1494 1537 1528 in
1562 1494 1670 1528 mino-

5 1534 20 1568 1
90 1537 199 1582 ribus,
223 1538 338 1584 magis
363 1540 483 1574 tamen
508 1539 738 1621 stilritalibus,
765 1540 914 1574 ambicio
940 1539 1133 1585 dampnosa
1159 1539 1385 1586 delinqueret.

207 1587 241 1622 3.
275 1585 383 1622 Porro
415 1586 485 1621 dux
558 1586 707 1622 ’dericus
742 1587 934 1621 ambicione
959 1588 1119 1630 cecatus,
1156 1598 1300 1632 sperans
1325 1588 1393 1622 sibi
1419 1590 1667 1634 consequenter

91 1634 306 1668 reservatam
321 1634 360 1668 et
377 1633 479 1679 quasi
496 1633 740 1669 indubitanter
765 1634 1020 1677 conferendum,
1048 1634 1140 1679 quod
1166 1645 1187 1669 a
1212 1635 1347 1670 duobus
1373 1635 1462 1670 vidit
1486 1635 1667 1670 humiliter

91 1679 304 1723 refutatum,
337 1680 408 1715 iam
435 1681 510 1716 sine
534 1681 708 1716 conductu
734 1681 854 1716 urbem
880 1692 985 1727 quam
1010 1681 1108 1727 prius
1134 1693 1212 1716 cum
1238 1682 1411 1717 conductu
1436 1683 1573 1727 ingredi
1598 1694 1667 1717 me-

90 1726 225 1770 tuebat,
253 1727 260 1734 ⁰
331 1738 429 1762 essus
446 1730 512 1771 est,
537 1730 574 1762 et
590 1728 789 1774 principum
807 1728 991 1763 conventui
1018 1728 1183 1772 sociatus,
1209 1729 1246 1764 in
1272 1741 1387 1774 regem
1413 1729 1496 1774 eligi
1522 1732 1667 1776 paratus

91 1773 243 1811 88181181.
250 1738 432 1820 mgdrgens
450 1786 529 1810 vero
546 1775 774 1820 Mogontinus
791 1775 1070 1821 archiepiscopus
1087 1787 1133 1810 co
1144 1787 1166 1810 8
1178 1777 1244 1811 8111
1255 1779 1300 1811 111
1318 1777 1501 1823 requisivit
1519 1789 1540 1811 a
1556 1778 1669 1812 tribus

90 1819 235 1866 prefatis
272 1821 509 1868 principibus:
546 1825 665 1857 utrum
702 1823 777 1858 sine
814 1823 1088 1858 contradictione
1124 1823 1195 1858 sive
1233 1824 1442 1859 retractione
1475 1826 1511 1859 et
1536 1825 1672 1859 invidia

90 1866 220 1913 singuli
255 1868 383 1914 quique
417 1869 524 1904 tercio
559 1870 790 1905 communiter
815 1882 836 1904 a
861 1870 1079 1916 principibus
1106 1870 1216 1905 electo
1242 1871 1372 1906 vellent
1397 1871 1563 1906 obedire?
1614 1871 1670 1906 Ad

91 1925 180 1960 qnae
203 1915 310 1951 verba
326 1915 397 1951 dux
413 1915 602 1952 Lotharius
619 1917 711 1952 sicut
727 1920 763 1952 et
781 1917 904 1963 pridie,
930 1929 973 1952 88
997 1917 1072 1963 11188
1090 1918 1266 1952 ullatenus
1283 1919 1471 1963 eligeretur
1488 1919 1670 1954 humiliter

90 1962 246 2008 expetiit,
274 1964 312 1998 et
345 1963 504 2008 eligendo
539 1964 742 2010 cuicumque
769 1976 806 2000 se
831 1967 872 1999 ut
897 1964 1035 1999 domino
1060 1967 1097 1999 et
1121 1964 1323 2011 imperatori
1349 1966 1505 2000 Romano
1530 1966 1669 2001 obedire

87 2009 337 2055 promisit.***)
361 2009 461 2045 Idem
486 2011 529 2045 de
554 2022 591 2046 88
616 2012 770 2046 marchio
785 2012 979 2058 Liupoldus
1005 2011 1143 2057 publice
1170 2013 1359 2058 professus,
1386 2015 1422 2048 et
1446 2013 1545 2058 regni
1562 2014 1670 2048 ambi-

205 2142 240 2187 *)
264 2142 331 2178 Die
355 2143 575 2189 papsffichen
591 2143 746 2187 Legateu
772 2154 887 2178 waren
906 2142 1066 2179 Gerhard
1091 2144 1164 2178 und
1188 2145 1367 2179 Romanus
1394 2144 1495 2188 (auch
1522 2144 1579 2179 bei
1604 2145 1666 2180 der

87 2187 195 2225 wahl
205 2189 354 2226 Rudolfs
379 2201 446 2226 von
458 2189 650 2225 Schwaben
674 2201 790 2225 waren
806 2191 1034 2226 bekanntlich
1051 2192 1180 2236 11811811.
1196 2192 1352 2236 Legaten
1370 2203 1523 2235 zugegen
1536 2192 1578 2236 !);
1607 2193 1668 2227 der

87 2235 264 2272 Erwfflte
288 2248 354 2272 von
370 2236 499 2272 Brixen
514 2249 587 2272 war
610 2237 802 2281 Reiinbert,
826 2238 946 2273 bisher
962 2238 1037 2273 Abt
1061 2249 1126 2273 von
1145 2238 1196 2274 St.
1215 2239 1318 2273 Peter
1343 2239 1379 2273 in
1398 2238 1579 2283 Salzburg,
1607 2240 1668 2274 der

89 2293 136 2319 811
152 2282 261 2320 Stella
277 2284 340 2319 des
350 2283 538 2320 kaiserlich
554 2284 739 2330 gesinnten
756 2285 861 2330 Hugo
885 2297 952 2320 von
978 2285 1056 2320 dem
1083 2287 1205 2330 streng
1230 2285 1447 2320 kirchlichen
1464 2285 1673 2322 Erzbischof

89 2328 233 2367 Korn-ad
253 2342 319 2366 von
340 2330 511 2376 Salzburg
529 2332 722 2377 eingesetzt
739 2332 877 2367 worden
894 2344 984 2371 war:
1011 2332 1072 2367 der
1092 2332 1231 2377 Herzog
1247 2344 1312 2367 von
1326 2333 1454 2367 Baiern
1471 2344 1543 2367 war
1559 2333 1666 2369 Hein-

88 2377 239 2415 riehlx.
257 2377 319 2414 der
335 2377 515 2414 Schwarze
531 2378 766 2423 (1120—26);
793 2379 854 2414 der
874 2379 1020 2415 Bischof
1033 2391 1099 2415 von
1116 2380 1220 2415 Basel
1237 2391 1308 2415 war
1321 2380 1501 2415 Berthold.
1529 2380 1580 2423 **)
1599 2382 1665 2416 Die

89 2434 135 2460 811
151 2424 228 2461 81811
252 2425 539 2472 doppelsinnigen
554 2426 693 2461 Worte:
719 2426 837 2461 decem
863 2438 903 2461 ex
928 2427 1078 2472 singulis
1098 2453 1105 2461 .
1127 2454 1134 2461 .
1153 2455 1160 2462 .
1187 2427 1374 2474 provinciis
1397 2427 1535 2462 werden
1554 2428 1664 2463 durch

89 2469 333 2508 Ordericus
356 2472 542 2508 Vitalis
566 2473 754 2521 erlautert:
789 2474 1105 2519 quadraginta
1129 2486 1169 2509 ex
1195 2475 1292 2509 vobis
1319 2474 1494 2520 sapientes
1519 2476 1556 2510 et
1580 2476 1664 2521 legi-

90 2517 170 2555 timi
191 2519 324 2555 milites
344 2519 522 2565 eligantur
545 2522 582 2555 et
598 2531 751 2555 seorsum
776 2523 869 2568 eant,
895 2521 1031 2567 ipsique
1057 2521 1247 2556 secundum
1271 2521 1377 2556 fidem
1403 2533 1503 2556 suam
1528 2524 1565 2557 et
1588 2535 1665 2558 con-

7 2577 9 2581 ⁴
93 2565 276 2602 seientiam
299 2566 348 2602 im
373 2568 543 2602 oratorem
561 2567 704 2612 eligant.
731 2589 775 2593 —
800 2568 1034 2613 Ubergangen
1047 2569 1135 2603 wird
1159 2569 1197 2603 in
1211 2569 1272 2604 der
1296 2568 1474 2612 Narratio,
1501 2569 1583 2604 dass
1611 2571 1667 2605 die

19 2622 22 2623 ’
90 2611 274 2658 Μ81011181
297 2625 318 2649 8
358 2625 445 2659 angs
469 2614 525 2649 fiir
547 2614 728 2650 Friedrich
753 2627 843 2659 war3
870 2615 944 2650 dies
968 2616 1144 2650 berichtet
1168 2616 1298 2651 sowohl
1315 2615 1400 2651 Otto
1424 2627 1490 2650 von
1506 2616 1667 2662 Fmising

89 2657 214 2706 (Gesta
236 2660 275 2704 1,
310 2672 338 2697 8,
368 2663 430 2696 17:
464 2672 542 2696 811111
578 2661 779 2708 praedictus
807 2662 877 2697 dux
902 2662 1148 2706 ‹Fridericus!)
1175 2663 1220 2698 ad
1245 2674 1391 2708 regnum
1417 2674 1438 2698 a
1462 2664 1582 2699 multis
1608 2676 1665 2699 ex-

88 2707 302 2773 posceretur)
321 2708 374 2743 818
387 2707 575 2743 Ordericus
587 2708 717 2744 Vitalis
734 2710 806 2745 und
820 2710 875 2744 die
888 2709 973 2744 Vita
987 2709 1167 2745 Chunradi
1182 2710 1460 2755 Salisburgensis
1473 2711 1515 2754 (s.
1531 2713 1663 2756 unten).

18 2767 19 2770 ’
109 2751 166 2792 **)
195 2753 276 2797 vgl.
307 2754 375 2790 mit
405 2755 518 2790 dieser
547 2755 648 2791 nicht
681 2759 779 2791 ernst
811 2768 853 2791 zu
882 2757 1100 2792 nehmenden
1131 2757 1341 2802 Entsagung
1373 2757 1435 2791 das
1468 2757 1661 2793 Verhalten

26 2819 27 2822 ¹
86 2798 234 2836 Budolfs
269 2813 302 2837 v.
335 2801 567 2838 Rheinfelden
600 2803 658 2838 bei
690 2803 751 2838 der
785 2803 1032 2839 Forchheimer
1063 2804 1188 2847 Wah13
1223 2815 1259 2839 es
1296 2805 1374 2849 galt
1406 2804 1469 2838 das
1505 2806 1591 2840 eben
1615 2806 1663 2840 im

86 2845 296 2884 Mittelalter
330 2849 388 2884 1181
411 2849 558 2896 Papste,
592 2850 767 2886 Bischofs-
799 2863 832 2887 u.
858 2851 1131 2896 Konigswahlen
1162 2851 1218 2886 fiir
1242 2852 1318 2886 eine
1343 2851 1661 2897 Anstandspflicht.

87 2892 395 2940 (Μαι-8811188881·
420 2907 451 2932 8.
478 2907 508 2932 a.
536 2895 576 2932 Ο.
603 2897 638 2932 8.
666 2900 763 2939 119.)
803 2898 906 2932 Nach
931 2898 992 2933 der
1008 2898 1279 2933 Kaiserchronik
1300 2901 1354 2942 16,
1381 2901 1568 2934 957—985
1595 2911 1666 2934 war

1387 2992 1439 3034 1*
