2098 3432
449 287 529 326 154

445 396 572 441 poterit
596 396 739 430 Romam
765 395 899 429 venire!
949 395 1056 429 Item:
1095 395 1220 437 ,Etiam
1247 407 1322 429 cum
1347 396 1579 430 cardinalibus
1615 397 1667 430 ita
1691 397 1854 442 disposui,
1893 398 1984 442 quod

445 442 653 477 Octavianus
690 452 757 475 non
782 441 849 475 erit
872 451 962 486 papa
985 443 1063 486 post
1088 443 1231 475 mortem
1254 444 1386 476 meam.‘
1436 442 1627 476 Gimundus
1663 445 1740 485 (aus
1765 443 1843 477 dem
1866 443 1984 478 Hause

447 489 506 522 des
527 488 643 522 Pietro
656 487 772 530 Leoni)
789 489 826 520 et
840 487 1082 521 Wolframmus
1108 487 1238 530 dicunt,
1263 498 1298 522 se
1315 487 1452 522 audisse
1469 488 1512 522 ab
1536 499 1592 522 ore
1609 488 1759 541 episcopi
1774 488 1984 532 Sabinensis,

445 534 535 579 quod
559 534 706 567 libenter
729 533 856 567 rediret
881 533 926 567 ad
950 533 1109 567 domnum
1125 533 1309 576 Victorem,
1335 533 1395 568 sed
1417 533 1470 568 ita
1494 534 1708 569 adiuratione
1732 535 1896 569 astrictus
1918 537 1983 579 est,

447 580 536 625 quod
562 579 635 613 sine
659 579 808 624 periurio
833 590 900 612 non
923 580 1048 624 potest.

561 625 718 670 Epistola
741 624 883 660 Concilii
900 625 1027 659 minor:
1053 625 1230 659 Rolandus
1255 625 1478 659 cancellarius
1501 627 1538 659 et
1561 625 1634 660 eius
1659 637 1820 670 sequaces
1844 625 1985 672 quidam

446 672 655 713 cardinales,
681 671 814 705 vivente
846 671 959 704 adhuc
989 682 1079 716 papa
1111 670 1264 705 Adriano
1277 698 1285 714 ‚
1310 671 1581 706 coniuraverunt.
1629 671 1711 706 Fuit
1742 673 1857 706 autem
1888 673 1986 707 tenor

446 717 701 760 coniurationis,
738 717 840 762 quod,
877 717 906 750 si
942 716 992 751 eis
1027 717 1219 751 viventibus
1256 728 1379 762 papam
1415 717 1606 763 Adrianum
1640 718 1726 752 mori
1762 717 1986 762 contingeret,

445 764 653 798 cardinalem
678 774 783 796 unum
809 763 850 796 de
867 762 937 796 illis
962 762 1136 806 eligerent,
1163 763 1221 807 qui
1246 763 1280 797 in
1298 763 1416 797 eadem
1441 763 1672 798 coniuratione
1696 765 1788 798 esset
1812 763 1985 799 astrictus.

560 809 717 854 Epistola
742 809 884 843 Concilii
916 809 1040 843 maior:
1081 809 1263 843 Praeterea
1287 809 1572 852 coniurationem,
1605 809 1695 844 inter
1726 809 1817 844 hunc
1848 811 1885 844 et
1908 820 1987 844 suos

446 867 606 900 sequaces
630 855 822 889 cardinales
846 865 923 888 cum
946 855 1260 889 Mediolanensibus
1285 857 1320 889 et
1337 854 1451 889 Siculo
1475 855 1719 889 nefandissimo
1743 857 1986 900 perpetratam,

444 903 480 935 et
502 913 563 946 per
585 902 677 946 ipsos
702 901 932 935 coniuratores
958 902 994 934 et
1016 912 1077 945 per
1100 901 1236 935 litteras
1260 901 1422 935 Rollandi
1439 901 1754 935 Mediolanensibus
1778 901 1927 936 directas
1949 903 1986 936 et

445 948 523 981 aliis
547 947 837 981 manifestissimis
868 947 1080 991 argumentis
1106 947 1389 991 deprehendimus
1415 949 1450 981 et
1475 948 1703 990 cognovimus.
1744 946 1849 982 Cuius
1873 947 1987 982 coniu-

446 994 589 1028 rationis
622 996 720 1027 tenor
744 994 780 1027 et
803 993 1015 1027 continentia
1039 993 1120 1027 talis
1145 995 1242 1027 erat:
1279 995 1320 1027 ut
1343 1004 1530 1038 numquam
1561 993 1648 1027 alter
1672 993 1744 1028 sine
1777 993 1886 1028 altero
1909 1004 1986 1028 cum

446 1040 598 1074 Romano
624 1039 765 1084 imperio
789 1050 907 1083 pacem
931 1041 1082 1081 teneret3
1108 1041 1143 1073 et
1169 1038 1197 1073 si
1224 1039 1361 1073 interim
1386 1050 1510 1084 papam
1533 1038 1724 1073 Adrianum
1747 1039 1834 1074 mori
1857 1039 1988 1074 contin-

445 1088 552 1129 geret,
577 1097 684 1120 unum
701 1086 743 1119 de
760 1085 830 1119 illis
847 1085 1091 1128 cardinalibus,
1115 1087 1151 1119 et
1167 1097 1233 1119 non
1252 1085 1367 1127 alium,
1392 1085 1427 1119 in
1445 1096 1569 1130 papam
1585 1085 1761 1129 eligerent,
1786 1085 1845 1130 qui
1869 1085 1988 1120 eadem

445 1132 678 1166 ‹mniuratione
702 1133 885 1166 teneretur.
927 1131 1020 1174 (Vgl.
1046 1131 1133 1166 auch
1160 1131 1214 1165 die
1231 1131 1336 1165 Stelle
1360 1130 1407 1165 im
1423 1131 1607 1165 Tractatus
1631 1131 1673 1166 de
1697 1131 1835 1166 schism.
1859 1130 1894 1167 S.
1919 1131 1988 1174 —!)

562 1178 746 1212 Schreiben
778 1177 837 1211 des
861 1177 1001 1211 Kaisers
1038 1187 1082 1211 an
1106 1177 1284 1211 Eberhard
1308 1189 1338 1212 v.
1364 1177 1532 1220 Salzburg
1570 1178 1654 1212 iiber
1678 1177 1733 1211 die
1755 1177 1902 1212 Paveser
1925 1177 1988 1212 Be-

445 1224 620 1258 schliisse:
656 1224 744 1258 Luce
769 1223 895 1257 clarius
928 1225 1075 1266 constat,
1100 1223 1191 1268 quod
1214 1234 1305 1268 papa
1329 1223 1481 1258 Adriano
1507 1223 1620 1257 adhuc
1656 1223 1788 1258 vivente
1810 1223 1988 1258 Rolandus

446 1270 669 1304 cancellarius
706 1272 741 1304 et
777 1269 916 1314 quidam
942 1269 1134 1303 cardinales
1159 1295 1168 1304 .
1195 1297 1202 1305 .
1230 1297 1237 1304 .
1275 1269 1526 1314 conspiratione
1562 1269 1654 1303 facta
1691 1280 1767 1303 cum
1799 1269 1983 1304 Wilhelmo

446 1316 569 1359 Siculo,
595 1316 690 1361 prius
715 1316 757 1350 ab
782 1315 831 1349 eis
855 1315 1155 1358 excommunicato,
1180 1317 1216 1350 et
1239 1326 1316 1349 cum
1340 1315 1484 1350 caeteris
1507 1315 1668 1350 hostibus
1691 1315 1836 1360 imperii,
1860 1315 1989 1350 Medio-

446 1362 654 1404 lanensibus,
678 1361 925 1404 Brixiensibus,
950 1361 1171 1404 Placentinis,
1197 1373 1238 1396 ne
1263 1362 1349 1396 forte
1373 1372 1433 1406 per
1456 1363 1601 1395 mortem
1625 1372 1734 1406 papae
1745 1360 1891 1396 Adriani
1915 1363 1988 1396 tam

446 1408 564 1453 iniqua
587 1408 690 1442 factio
715 1410 940 1450 evanesceret,
977 1407 1160 1442 iuramenti
1185 1408 1317 1442 vinculo
1344 1407 1487 1442 invicem
1512 1418 1586 1442 sese
1611 1407 1897 1450 constrinxerunt,
1935 1409 1987 1451 ut,

446 1455 604 1489 defuncto
628 1465 728 1500 papa,
753 1454 867 1488 nullus
894 1453 982 1487 alius
1007 1454 1037 1487 ei
1061 1454 1341 1495 substitueretur,
1367 1453 1434 1487 nisi
1459 1454 1518 1498 qui
1543 1453 1579 1487 in
1603 1453 1721 1488 eadem
1738 1453 1989 1500 conspiratione

445 1512 522 1534 cum
545 1500 594 1535 eis
619 1500 852 1534 convenisset}
901 1500 972 1534 Der
992 1499 1115 1534 Kaiser
1148 1500 1262 1534 beruft
1285 1499 1359 1534 sich
1384 1500 1550 1534 zunachst
1582 1499 1644 1534 auf
1675 1499 1750 1534 eine
1773 1498 1985 1543 Ausserung,

446 1547 571 1581 welche
596 1546 651 1580 die
675 1546 868 1580 Mailander
901 1546 1095 1589 gegeniiber
1120 1546 1185 1580 den
1211 1546 1375 1580 zwischcn
1401 1545 1504 1580 ihnen
1540 1545 1611 1580 und
1637 1545 1714 1580 dem
1739 1545 1862 1580 Kaisar
1881 1545 1990 1590 ,inter-

448 1593 671 1627 venierenden
697 1592 978 1634 Cisterziensern,
1005 1592 1082 1626 dem
1106 1592 1450 1636 ErzbischofeuPeter
1473 1603 1503 1626 v,
1529 1591 1742 1634 Tarantaise,
1780 1591 1845 1626 den
1873 1583 1988 1626 Abton

446 1651 475 1673 v.
501 1639 682 1673 Clairvaux
706 1650 739 1673 u.
765 1638 957 1672 Morimond
980 1649 1014 1673 u.
1041 1638 1125 1672 zehn
1149 1638 1295 1672 anderen
1329 1638 1444 1672 Abten
1477 1638 1638 1681 gemacht
1673 1639 1816 1672 hatten:
1854 1637 1990 1680 ,Domni

445 1687 571 1730 patres,
596 1695 657 1719 nos
681 1687 836 1719 tenemur
860 1684 996 1718 astricti
1020 1684 1210 1719 iuramento
1248 1684 1370 1718 domno
1406 1695 1515 1728 papae
1550 1686 1584 1718 et
1619 1683 1862 1727 cardinalibus,
1899 1683 1989 1728 quod

445 1742 510 1765 non
537 1731 721 1765 debeamus
746 1731 855 1765 redire
892 1730 936 1764 ad
972 1731 1123 1774 gratiam
1147 1730 1364 1775 imperatoris
1400 1730 1473 1764 sine
1509 1741 1623 1764 eorum
1647 1730 1834 1772 voluntate,
1862 1731 1899 1764 et
1921 1729 1988 1774 ipsi

444 1779 584 1811 econtra
621 1777 693 1812 sine
718 1779 835 1811 nostra
859 1777 1035 1811 voluntate
1058 1777 1189 1810 nullam
1224 1787 1342 1821 pacem
1378 1776 1487 1810 facere
1511 1778 1676 1821 possunt.‘
1724 1775 1990 1821 Responderunt

444 1823 494 1858 eis
519 1824 680 1858 abbates:
719 1823 797 1866 ,Vos
823 1823 864 1857 de
889 1825 1021 1857 caetero
1046 1834 1114 1857 non
1137 1822 1300 1857 tenemini
1333 1822 1454 1856 domno
1479 1833 1598 1867 papae,
1623 1822 1705 1867 quia
1727 1823 1882 1856 mortuus
1907 1823 1982 1856 est.‘

445 1869 492 1904 Et
514 1869 566 1904 illi
591 1870 711 1903 statim
737 1869 1002 1903 subiunxerunt:
1042 1869 1090 1911 ‚Si
1113 1871 1269 1903 mortuus
1294 1870 1348 1903 est
1372 1879 1471 1913 papa,
1508 1879 1570 1902 nos
1595 1868 1671 1902 ideo
1695 1879 1763 1903 non
1788 1879 1906 1902 sumus
1930 1868 1988 1902 ab·

445 1916 559 1958 soluti,
585 1916 666 1960 quia
689 1915 931 1949 nichilominus
956 1917 1111 1949 tenemur
1135 1915 1378 1955 cardinalibus,
1402 1917 1438 1948 et
1462 1914 1529 1959 ipsi
1556 1915 1718 1949 tenentur
1740 1914 1860 1950 nobis.‘
1893 1912 1990 1948 Haec

444 1961 611 2007 praedicti
635 1963 752 2007 patres
777 1962 920 1995 abbates
944 1961 980 1995 in
1005 1961 1176 2006 responsis
1207 1972 1227 1995 a
1251 1960 1564 1994 Mediolanensibus
1602 1961 1772 2006 accepisse
1810 1959 1988 1995 testificati

445 2010 527 2042 sunt
551 2019 662 2042 coram
688 2008 806 2042 multis
831 2007 1014 2051 relligiosis
1046 2007 1139 2042 viris.
1187 2007 1307 2041 Preter
1344 2006 1428 2041 haec
1464 2007 1576 2040 multa
1612 2006 1843 2052 experimenta
1876 2006 1988 2040 factae

445 2054 708 2099 conspirationis
745 2065 804 2098 per
827 2054 964 2088 litteras
1000 2054 1035 2088 in
1060 2054 1115 2087 via
1140 2053 1367 2098 deprehensas
1393 2053 1597 2098 accepimus,
1635 2053 1726 2087 sicut
1749 2052 1894 2087 nuncius
1918 2053 1985 2086 iste

444 2101 578 2146 plenius
602 2100 690 2134 vidit
722 2103 757 2134 et
782 2099 924 2134 audivit.
974 2099 1065 2144 (Vgl.
1091 2099 1179 2134 auch
1217 2098 1391 2134 Gottfried
1415 2111 1445 2134 v,
1470 2099 1625 2141 Viterbo‚
1667 2098 1775 2134 Gesta
1797 2097 1985 2140 Friderici;

446 2147 595 2181 Annales
620 2146 846 2188 Colonienses,
871 2146 1022 2180 Annales
1048 2146 1080 2181 S.
1106 2146 1276 2189 Disibodi,
1300 2145 1451 2179 Annales
1477 2145 1680 2188 Stadenses3
1710 2144 1880 2189 Siegbert,
1904 2143 1990 2179 con-

446 2193 595 2227 tinuatio
622 2193 851 2238 Aquicinct.!)

561 2239 744 2273 Schreiben
781 2238 978 2273 Eberhards
1016 2250 1044 2273 v.
1070 2238 1242 2281 Bamberg
1279 2248 1323 2271 an
1346 2236 1524 2271 Eberhard
1550 2248 1580 2271 v.
1605 2235 1772 2281 Salzburg
1809 2236 1894 2271 iiber
1933 2235 1989 2270 die

443 2286 590 2320 Paveser
614 2285 764 2328 Synode:
802 2284 979 2318 Prevaluit
1002 2284 1142 2318 tandem
1172 2295 1252 2329 pars
1278 2283 1392 2318 domni
1415 2283 1566 2316 Victoris
1597 2282 1787 2317 iustificata
1811 2282 1854 2317 ab
1879 2282 1989 2316 altera

444 2333 542 2376 parte
566 2331 686 2365 multis
709 2331 839 2365 modis:
866 2330 948 2375 quia
960 2330 1150 2364 coniuratio
1175 2331 1295 2364 contra
1317 2329 1499 2374 imperium
1511 2329 1641 2362 factum
1657 2328 1744 2363 illud
1757 2329 1988 2374 precesserat;

445 2378 527 2422 quia
563 2377 678 2412 domni
702 2377 851 2411 Victoris
875 2377 1093 2411 immantatio
1117 2376 1208 2421 prior
1233 2403 1241 2411 .
1268 2403 1275 2411 .
1303 2390 1334 2418 .;
1369 2374 1493 2409 deinde
1529 2374 1620 2419 quod
1645 2374 1689 2408 ad
1713 2375 1830 2409 hostes
1853 2374 1988 2420 imperii

446 2435 525 2468 pars
549 2423 610 2458 illa
641 2435 676 2458 se
700 2423 898 2466 transtulit,
935 2423 1089 2467 obligata
1113 2422 1237 2465 Siculo,
1271 2421 1596 2463 Mediolanensibus,
1621 2420 1868 2464 Brixiensibus‚
1908 2420 1987 2454 Pla-

445 2470 590 2504 centinis
615 2481 674 2514 per
699 2471 961 2511 sacramentum,
1002 2469 1092 2514 quod
1118 2479 1220 2503 sanae
1254 2468 1429 2502 doctrinae
1455 2467 1628 2501 adversari
1653 2467 1799 2510 videtur,
1837 2477 1915 2501 cum
1952 2467 1988 2501 et

445 2516 602 2550 subditos
628 2527 648 2550 a
672 2515 874 2550 iuramentis
909 2515 1090 2549 fidelitatis
1115 2514 1252 2549 debitae
1277 2514 1434 2548 absolvat
1471 2515 1507 2547 et
1531 2513 1655 2547 servire
1679 2513 1878 2558 imperatori
1911 2523 1988 2558 pro-

446 2563 565 2596 hibeat
601 2573 828 2607 quoscumque
865 2563 901 2595 et
936 2561 985 2595 sic
1010 2561 1209 2595 discessioni
1247 2560 1338 2594 viam
1370 2561 1538 2604 preparet,
1577 2559 1668 2604 quod
1701 2558 1887 2604 pessimum
1922 2560 1987 2602 est,

446 2609 537 2643 sicut
562 2619 660 2653 opere
683 2608 756 2653 ipso
781 2607 939 2642 clarescit
963 2609 998 2642 ct
1021 2607 1159 2652 scriptis
1184 2606 1335 2651 undique
1371 2617 1431 2651 per
1454 2605 1594 2639 Italiam
1619 2605 1759 2640 directis
1798 2606 1872 2639 tam
1907 2604 1987 2639 civi-

447 2655 579 2689 tatibus
603 2665 706 2699 quam
730 2653 918 2699 episcopis.‘

562 2700 745 2735 Schreiben
769 2700 894 2745 Propst
916 2699 1100 2734 Heinrichs
1122 2710 1153 2734 v,
1179 2698 1457 2742 Berchtesgaden
1484 2708 1527 2732 an
1552 2697 1731 2731 Eberhard
1754 2708 1785 2732 v.
1799 2696 1984 2741 Salzburg:

446 2747 626 2781 Recitatae
661 2748 743 2781 sunt
777 2746 919 2791 insuper
939 2745 1076 2780 litterae
1101 2755 1205 2790 quam
1226 2745 1342 2790 plures
1366 2744 1519 2778 bullatae
1545 2744 1587 2778 ab
1612 2742 1806 2777 Alexandro
1844 2745 1881 2777 et
1914 2753 1987 2777 car-

448 2793 632 2836 dinalibus,
657 2793 716 2838 qui
740 2803 817 2827 cum
839 2792 915 2837 ipso
939 2793 1031 2834 sunt,
1068 2791 1235 2836 episcopis
1260 2793 1296 2825 et
1319 2790 1518 2824 civitatibus
1543 2789 1800 2833 Longobardiae
1825 2789 1986 2831 directae,

447 2839 507 2874 sed
531 2850 552 2873 a
573 2838 734 2874 fidelibus
769 2838 885 2873 domni
908 2837 1124 2883 imperatoris
1154 2839 1286 2882 captae,
1320 2847 1359 2871 ex
1384 2847 1528 2881 quarum
1564 2837 1680 2870 tenore
1714 2834 1984 2870 machinationes

446 2897 561 2920 eoriun
586 2887 622 2920 et
644 2884 830 2926 molimina„
845 2886 964 2919 contra
986 2884 1166 2930 imperium
1189 2885 1402 2930 patenter
1426 2883 1508 2917 sunt
1532 2881 1751 2928 deprehensa.
