2098 3432
480 288 563 328 218

480 398 704 452 praefatam
736 398 974 439 aecclesiam
1004 401 1164 440 exortae
1194 400 1301 447 sunt,
1340 411 1411 452 pro
1441 411 1538 452 pace
1569 399 1783 441 aecclesiae
1813 402 1855 441 et
1883 401 2015 443 salute

481 455 638 495 animae
684 457 844 495 nostrae
881 453 1015 507 ipsum
1053 457 1232 496 castrum
1269 455 1423 495 destrui
1451 455 1620 496 fecimus
1650 457 1691 496 et
1718 458 1900 497 montem
1929 469 2016 498 aec-

479 510 623 551 clesiae
653 510 982 562 Wirzeburgeusi
1011 511 1097 552 iure
1127 510 1386 564 proprietatis
1417 511 1668 560 tradidimus,
1697 524 1747 552 ne
1778 512 1827 552 de
1856 514 2014 554 caetero

480 569 659 606 castrum
697 566 760 606 vel
799 565 936 618 aliqua
973 566 1146 607 munitio
1181 567 1222 607 in
1262 567 1406 608 eodem
1441 568 1578 608 monte
1613 567 1686 607 fiat
1714 567 1884 608 firmiter
1911 568 2016 608 inhi-

480 623 633 662 bentes.
690 621 812 662 Aliud
844 634 1004 674 quoque
1035 626 1214 663 castrum
1243 623 1529 675 Frankenberg
1557 623 1732 672 dictum,
1771 623 1878 675 quod
1908 623 2016 665 adia-

479 677 585 718 centi
624 677 807 718 abbatiae
845 679 1071 719 Amerbach
1111 678 1427 720 destructionem
1464 679 1697 720 minabatur
1734 681 1775 720 et
1811 692 1884 732 per
1921 680 2015 720 sub-

479 733 703 786 reptionem
747 733 1002 774 inimicorum
1041 735 1256 775 aecclesiae
1298 734 1626 787 Wirzeburgensi
1667 735 1827 788 poterat
1867 735 2015 776 inferre

478 789 715 842 periculum,
744 789 931 830 similiter
960 790 1234 832 destruximus
1266 793 1306 832 et
1335 792 1516 832 montem
1544 791 1657 832 nullo
1687 792 1868 844 tempore
1887 791 2015 832 reedi-

477 845 682 886 ficandum
712 845 903 886 acclesiae
932 846 1250 898 recognovimus.

593 901 655 942 Sit
692 901 817 954 igitur
855 902 932 943 hac
969 904 1109 943 nostra
1151 904 1402 956 pragmatica
1445 903 1650 944 sanctione
1692 902 2015 956 supradictorum

480 957 663 998 omnium
705 957 814 998 omni
855 970 927 999 evo
965 958 1121 999 stabilis
1163 961 1203 1000 et
1239 960 1358 1001 firma
1395 959 1650 1008 constitutio,
1695 959 1736 1000 et
1776 971 1895 1000 nemo
1932 958 2015 1000 ullo

478 1025 678 1065 umquam
722 1016 903 1066 tempore
947 1026 1038 1054 eam
1076 1014 1294 1067 infringere
1338 1016 1402 1057 vel
1443 1027 1601 1056 cassare
1639 1015 1860 1068 presumat.
1917 1014 2016 1066 Qui-

479 1081 638 1121 cunque
679 1070 818 1110 autem
859 1073 1000 1110 contra
1039 1083 1129 1111 eam
1159 1071 1293 1112 venire
1323 1072 1386 1113 vel
1415 1072 1458 1112 in
1487 1071 1648 1111 irritum
1675 1082 1862 1112 revocare
1872 1071 1900 1104 ²)
1927 1083 2016 1124 pre-

478 1125 708 1178 sumpserit,
739 1126 1021 1178 imperatoriae
1051 1127 1278 1168 maiestatis
1306 1141 1400 1169 reus
1431 1126 1708 1168 severissimae
1730 1126 2016 1168 animadversi-

478 1181 564 1222 onis
602 1193 754 1234 paenas
792 1182 972 1223 exsolvat
1011 1184 1052 1223 et
1090 1183 1200 1224 mille
1238 1184 1360 1225 libras
1409 1183 1496 1224 auri
1543 1182 1747 1236 purissimi
1793 1184 2016 1236 componat,

478 1237 740 1278 medietatem
770 1250 952 1278 camerae
976 1240 1138 1280 nostrae
1160 1241 1200 1280 et
1221 1240 1391 1281 alteram
1411 1239 1672 1280 medietatem
1690 1239 2016 1291 Wirzeburgensi

478 1293 661 1346 episcopo
693 1295 734 1334 et
763 1294 991 1335 aecclesiae.
1051 1294 1168 1344 Quod
1207 1298 1254 1335 ut
1291 1296 1424 1337 verius
1462 1295 1650 1337 credatur
1678 1296 1719 1335 et
1748 1295 1799 1336 ab
1828 1294 2015 1336 omnibus

477 1349 710 1402 diligentius
741 1349 985 1399 observetur,
1015 1360 1245 1403 presentem
1275 1351 1367 1393 inde
1396 1352 1588 1405 paginam
1617 1351 1811 1392 conscribi
1841 1352 1882 1392 et
1911 1349 2015 1403 signi

478 1405 606 1446 nostri
650 1406 859 1446 karaktere
898 1406 1051 1446 firmari
1089 1408 1129 1447 et
1167 1407 1289 1460 sigilli
1325 1408 1453 1449 nostri
1493 1407 1757 1461 impressione
1794 1406 2014 1459 insignirib)

475 1460 744 1514 precepimus,
775 1461 963 1503 adhibitis
993 1462 1145 1503 idoneis
1175 1463 1358 1513 testibus,
1388 1476 1560 1517 quorum
1579 1462 1743 1504 nomina
1766 1463 1841 1504 hec
1860 1463 1957 1504 sunt
1969 1463 2015 1503 ὼε

595 1516 788 1550 Cristianus
813 1516 1058 1561 Magountinae
1095 1518 1186 1552 sedis
1223 1519 1505 1564 archiepiscopus,
1541 1519 1617 1553 Udo
1643 1518 1794 1553 Cieensis
1823 1529 1842 1552 e
1866 1517 2011 1562 iscopus,

477 1562 658 1606 Gerungus
682 1562 904 1597 Missenensis
929 1563 1117 1608 episcopus,
1153 1564 1256 1607 Hugo
1280 1564 1463 1600 Fardensis
1488 1565 1685 1610 episcopus,
1722 1563 1843 1598 Roudo
1871 1575 1911 1598 us
1934 1563 2016 1597 Leo-

478 1608 605 1642 diensis
640 1608 836 1653 episcopus,
874 1609 1053 1643 Albericus
1084 1610 1273 1644 Laudensis
1303 1611 1497 1656 episcopus,
1533 1611 1671 1645 Tercius
1695 1610 1916 1644 Placentinus
1946 1609 2015 1654 epi-

477 1665 610 1699 scopus,
645 1654 885 1698 Ragimundus
909 1655 1108 1700 Yporicnsis
1133 1656 1320 1701 episcopus,
1355 1657 1551 1692 Burcardus
1575 1656 1757 1690 Fuldensis
1781 1656 1898 1699 abbas,
1924 1655 2015 1690 Cono

475 1701 738 1734 Ratisbonensis
762 1701 957 1745 episcopus,
995 1701 1224 1736 Hildeboldus
1249 1703 1523 1738 Herisveldensis
1548 1704 1672 1746 abbas,
1709 1702 1898 1736 Nicholaus
1922 1701 2016 1745 Sige-

475 1747 652 1790 bergensis
671 1747 789 1788 abbas,
815 1746 1055 1790 Engelhardus
1081 1749 1187 1782 abbas
1212 1749 1322 1783 sancti
1339 1749 1543 1792 Burchardi,
1568 1748 1750 1783 Heinricus
1774 1748 1881 1782 abbas
1904 1748 2016 1782 sancti

477 1792 655 1837 Stephani,
692 1793 869 1826 Richolfus
904 1793 1043 1827 maioris
1079 1794 1260 1828 aecclesiae
1284 1797 1508 1840 praepositus,
1545 1796 1689 1830 Perseus
1713 1794 1877 1836 dekanus,
1912 1794 2014 1828 Rein-

476 1839 606 1872 hardus
630 1839 847 1883 praepositus
872 1840 949 1873 novi
974 1840 1192 1882 Monasterii,
1229 1840 1438 1876 Wernherus
1461 1841 1676 1887 praepositus
1701 1840 1812 1875 sancti
1835 1839 2014 1883 Johannis‚

476 1884 683 1918 Godefridus
700 1886 829 1927 cantor,
853 1885 1028 1919 ‚lohannes
1045 1886 1255 1929 scolasticus,
1282 1887 1444 1922 Albertus
1461 1890 1588 1930 custos,
1613 1887 1764 1921 Weszelo
1789 1885 2014 1930 portenarius,

476 1931 659 1964 Heinricus
684 1931 899 1975 praepositus
917 1932 958 1965 de
976 1931 1224 1975 onoldesbach,
1250 1933 1422 1968 Bertolfus
1447 1933 1660 1978 praepositus
1684 1935 1720 1967 et
1744 1932 2012 1975 archidiaconus,

477 1977 678 2011 Counradus
715 1977 911 2011 cellerarius
924 2006 931 2019 ‚
967 1978 1150 2012 Heinricus
1187 1979 1229 2012 de
1264 1979 1479 2023 Hesseburg,
1517 1979 1699 2014 Heinricus
1735 1978 1778 2013 de
1813 1977 2014 2020 Beierbach,

474 2023 657 2056 Heinricus
682 2023 796 2056 curiae
821 2024 1118 2068 prothonotarius,
1152 2025 1327 2059 Adelohus
1352 2026 1568 2071 praepositus
1593 2024 1831 2066 Goslariensis,
1863 2023 2014 2058 Theode-

474 2069 564 2103 ricus
598 2069 814 2113 praepositus
851 2069 892 2103 de
923 2070 1052 2104 Werda
1089 2071 1200 2104 sancti
1232 2071 1406 2114 Swiberti,
1445 2072 1618 2106 Arnoldus
1653 2070 1868 2116 praepositus
1902 2069 2013 2104 sancti

474 2115 632 2149 Andreae
656 2115 692 2148 in
717 2114 876 2157 Colonia,
914 2116 1116 2150 Burkardus
1140 2117 1356 2161 praepositus
1382 2118 1493 2152 saneti
1517 2118 1611 2151 Petri
1644 2117 1679 2151 in
1703 2116 1893 2160 Magontia‚
1928 2115 2013 2151 Con-

473 2161 577 2195 radus
603 2161 779 2205 palatinus
803 2172 916 2195 comes
933 2162 1055 2204 Rheni,
1082 2162 1165 2196 Otto
1190 2163 1341 2198 marchio
1358 2164 1590 2206 Missenensis,
1616 2163 1843 2197 Theodericus
1863 2161 2014 2196 marchio

476 2203 582 2240 frater
617 2207 700 2249 eius,
742 2207 926 2241 Heinricus
961 2219 1072 2242 comes
1109 2209 1150 2242 de
1184 2209 1295 2243 Witin
1332 2210 1439 2244 frater
1474 2221 1599 2252 eorum,
1637 2209 1721 2244 Otto
1757 2210 1792 2243 et
1821 2207 2014 2242 Fridericus

472 2253 618 2297 palatini
644 2252 784 2286 comites
822 2253 863 2287 de
890 2253 1176 2296 Witilenesbach‚
1214 2255 1386 2289 Bertolfus
1411 2256 1561 2290 marchio
1599 2256 1640 2290 de
1665 2255 1866 2298 Voheburg,
1903 2265 2014 2288 comcs

473 2299 645 2333 Bertolfus
671 2298 712 2332 de
738 2299 903 2341 Audesne,
936 2311 1047 2334 comes
1071 2300 1240 2334 Rodulfus
1267 2301 1308 2334 de
1331 2301 1581 2346 Fulleudorph‚
1618 2311 1729 2335 comes
1752 2299 1948 2334 Lodowicus
1972 2299 2014 2334 (16

472 2346 559 2387 Lon,
597 2356 707 2378 comes
738 2345 880 2389 Rapodo
915 2345 956 2379 de
994 2346 1175 2390 Abenberg
1208 2348 1243 2380 et
1275 2347 1366 2381 filius
1400 2348 1472 2382 eius
1504 2359 1614 2382 comes
1646 2346 1857 2389 Fridericus,
1895 2346 2012 2391 Boppo

472 2390 767 2434 wirzeburgensis
803 2391 1024 2435 burgravius,
1058 2392 1294 2436 Marqwardus
1320 2393 1361 2427 de
1387 2392 1581 2428 Grombacll
1606 2395 1641 2427 et
1665 2393 1728 2427 filii·
1753 2392 1826 2427 eius
1849 2391 2013 2426 Albertus

472 2439 507 2470 et
541 2437 646 2479 Otto,
683 2437 884 2471 Burkardus
917 2437 1225 2481 Magdeburgensis
1265 2439 1512 2482 burkgravius,
1550 2439 1754 2474 Oudalricus
1790 2438 1882 2472 filius
1919 2437 2015 2471 ducis

472 2483 641 2525 Boemiae,
668 2482 832 2516 Albertus
857 2483 948 2517 filius
974 2483 1070 2517 ducis
1095 2484 1265 2526 Poloniae,
1302 2485 1465 2519 Albertus
1490 2497 1602 2520 comes
1627 2485 1668 2519 de
1691 2484 1865 2528 Dilingen,
1902 2494 2014 2517 comes

472 2529 556 2564 Otto
590 2529 631 2563 de
662 2528 835 2572 Kirkberg
845 2531 884 2571 d),
922 2540 1031 2564 comes
1067 2530 1292 2573 Manegoldus
1328 2531 1369 2565 de
1402 2532 1584 2575 Veringen,
1622 2542 1732 2565 comes
1765 2529 1939 2564 Bertolfus
1973 2529 2015 2564 de

473 2576 602 2619 Borga,
641 2585 752 2608 comes
785 2574 983 2609 Gerhardus
1028 2576 1069 2610 de
1102 2576 1277 2610 Bertheim
1310 2579 1345 2611 et
1385 2577 1492 2611 frater
1528 2577 1602 2611 eius
1633 2577 1868 2618 Hermannus,
1905 2587 2015 2610 comes

471 2621 588 2666 Boppo
625 2621 666 2654 (16
697 2620 887 2654 Wertheim
901 2649 908 2663 ,
947 2621 1147 2656 Counradus
1186 2623 1414 2666 burkgravius
1453 2623 1494 2658 de
1527 2623 1779 2667 Nouremberg‚
1819 2622 2014 2656 Roubertus

472 2667 513 2701 de
548 2666 711 2709 Kastela,
750 2666 950 2701 Counradus
988 2668 1030 2701 de
1067 2668 1330 2712 Buokkesberg,
1367 2669 1567 2703 Fredericus
1599 2669 1640 2703 de
1663 2668 1801 2711 Bilred,
1838 2668 1955 2713 Boppo
1979 2669 2016 2702 et

587 2750 620 2794 a)
646 2761 677 2784 V.
702 2748 724 2782 i.
751 2748 773 2783 i.
804 2760 960 2783 revocare
990 2749 1078 2784 fehlt
1109 2750 1143 2783 in
1178 2750 1218 2783 B.
1279 2750 1315 2794 b)
1341 2751 1400 2785 B.:
1438 2762 1541 2785 aurea
1572 2750 1666 2784 balla
1697 2750 1815 2783 nostra
1843 2749 2013 2793 insigniri.

471 2794 938 2885 ἷέγὲἒῗξοωυεερτοὺοᾙοῦ
962 2795 1010 2830 ist
1035 2796 1094 2830 der
1117 2795 1406 2840 Raumersparnis
1430 2797 1549 2831 halber
1574 2796 1666 2830 klein
1689 2795 1866 2839 gedruckt.
1908 2795 1944 2838 d)
1967 2795 2013 2830 B:
