2098 3432
1622 279 1703 319 197

130 395 260 450 pretio
280 393 520 448 redemptus
543 395 586 435 et
605 406 679 448 per
698 394 935 448 Aquileiam
957 393 1008 436 ad
1029 392 1329 435 monasterium
1349 392 1562 443 rosarium,
1594 392 1703 446 quod

129 453 173 495 in
202 451 409 494 montanis
441 451 568 492 situm
599 453 682 501 est,
722 451 887 493 delatus
918 453 960 493 et
988 451 1030 492 in
1062 450 1278 505 sepulchro
1309 450 1438 504 patris
1469 450 1534 491 sui
1563 462 1704 492 recon-

130 509 241 552 ditus
277 510 359 559 est,
399 508 641 563 planxitque
681 522 778 550 eum
817 509 1008 551 universa
1046 509 1158 550 terra
1198 510 1239 549 et
1269 507 1431 562 imperii
1461 507 1575 549 curia
1603 508 1703 549 tota.

129 566 288 609 Deinde
327 565 576 621 presentatis
614 565 765 608 litteris
804 568 846 608 et
882 567 1074 620 precepto
1109 564 1362 619 patriarche,
1403 564 1704 619 expeditionem

130 623 418 667 universaliter
439 635 463 664 a
483 623 570 664 suis
591 623 716 665 iurari
736 623 834 672 feci;
866 625 1116 677 acceptaque
1138 622 1305 664 licentia
1326 622 1404 664 alio
1426 622 1703 664 convertebar.

242 680 530 723 Pertransiens
550 680 826 731 Karinthiam,
849 681 1131 730 Carniolam,³)
1154 679 1334 729 Istriam,
1363 679 1466 721 duas
1486 679 1704 730 marchias,

130 739 232 782 alias
261 740 402 794 partes
434 738 673 780 Sclaveniae
704 751 838 792 usque
867 739 909 779 in
940 738 1181 791 Ungariam‚
1213 737 1428 791 predicans
1457 737 1704 779 mandatum

129 795 418 852 expeditionis,
454 795 650 837 militiam
689 796 897 850 simulque
938 795 1135 850 pecuniae
1176 794 1404 849 presidium
1433 794 1598 836 domino
1629 795 1706 835 im—

128 853 306 909 peratori
346 852 502 907 collegi.
561 853 745 895 Inimicis
776 853 903 895 etiam
932 853 1114 908 imperii,
1147 851 1602 906 pseudocardinalibus,
1632 865 1705 907 per

129 910 333 954 marchias
353 910 563 964 Ungariae
584 910 823 964 frequenter
842 910 1167 960 transeuntibus,
1197 909 1368 951 insidias
1400 911 1442 951 et
1472 909 1706 964 captionem

130 968 314 1011 ordinavi
332 968 472 1022 sicque
495 968 546 1009 ad
563 967 917 1022 archiepiscopum
935 968 1280 1021 Salzburgensem
1297 967 1482 1021 proprias
1500 967 1661 1008 litteras
1671 967 1706 1020 *)

129 1025 399 1081 expeditionis
419 1025 499 1080 ipsi
519 1025 766 1080 presentavi.
802 1025 1000 1077 Quicum
1027 1025 1082 1067 sit
1111 1024 1328 1078 religiosus
1360 1024 1533 1066 antistes
1565 1026 1606 1066 et
1636 1024 1706 1066 de-

128 1083 231 1126 lirus
269 1096 413 1134 senex,
454 1083 607 1138 partim
646 1083 760 1133 bene,
791 1083 944 1137 partim
983 1083 1091 1124 male
1121 1082 1344 1136 respondit.
1405 1082 1515 1123 Nam
1547 1083 1588 1123 et
1617 1082 1704 1136 ipse

129 1140 402 1184 Bollandinus
447 1142 520 1182 est.
587 1140 710 1183 Unde
750 1154 846 1182 cum
881 1140 970 1195 ipse
1006 1142 1047 1182 et
1077 1139 1312 1194 patriarcha
1351 1139 1461 1194 apud
1498 1139 1705 1181 Villacum

129 1197 381 1252 colloquium
411 1199 551 1240 essent
581 1197 783 1248 habituri,
814 1211 910 1251 ego,
947 1197 1137 1239 diffidens
1168 1196 1357 1250 utrique,
1397 1197 1550 1238 ibidem
1581 1197 1705 1247 adfui,

129 1255 359 1311 impediens
379 1255 484 1306 illos,
505 1268 715 1297 summam
737 1255 895 1297 concilii
916 1268 989 1310 pro
1010 1268 1129 1310 posse
1152 1254 1203 1296 ad
1226 1255 1425 1296 honorem
1446 1254 1705 1309 imperatoris

127 1314 386 1368 retorquens.
444 1313 534 1355 Nec
562 1325 689 1362 mora,
721 1312 868 1354 delatis
904 1313 1073 1355 interim
1103 1313 1254 1353 litteris
1287 1324 1311 1353 a
1340 1311 1466 1360 curia,
1497 1312 1668 1353 fratrem
1678 1314 1704 1345 1))

129 1370 312 1414 defuncti
349 1370 464 1413 ducis
500 1370 543 1412 in
583 1370 725 1412 sedem
754 1370 1004 1412 Karinthani
1036 1370 1211 1412 ducatus
1243 1369 1485 1411 intronizavi
1515 1371 1705 1424 presente

128 1428 373 1484 patriarcha,
406 1427 707 1482 Salzburgense
739 1428 912 1482 aliisque
943 1427 1133 1483 plurimis
1163 1427 1438 1482 principibus;
1469 1426 1706 1480 ibidemque

129 1486 291 1528 litteras
312 1485 477 1528 exhibui
499 1486 725 1540 generales,
755 1485 944 1528 vassallis
966 1488 1008 1527 et
1038 1485 1380 1527 ministerialibus
1413 1484 1707 1539 archiepiscopi

129 1543 326 1594 directas,
356 1543 400 1585 in
430 1543 580 1597 quibus
612 1543 832 1586 admonere
863 1543 1114 1585 iubebantur
1144 1543 1506 1597 archiepiscopum,
1539 1544 1586 1583 ut
1614 1542 1707 1584 red—

128 1601 246 1644 deret
266 1601 417 1652 Cesari,
448 1614 555 1655 quae
577 1602 676 1643 sunt
696 1601 952 1655 Cesaris.**)
985 1600 1139 1643 Contra
1160 1613 1264 1654 quas
1285 1600 1353 1641 ille
1376 1599 1704 1654 archiepiscopus

129 1658 274 1702 statim
296 1658 538 1701 frenetizare
569 1658 677 1713 cepit
707 1660 906 1712 stansque
938 1671 1061 1713 super
1090 1658 1282 1713 lapidem,
1314 1658 1429 1711 signo
1461 1657 1592 1699 crucis
1623 1658 1704 1711 sig-

126 1717 264 1768 natus,
295 1716 489 1772 spiritum
518 1718 711 1758 sanctum
742 1729 790 1758 ex
821 1729 864 1758 se
894 1717 1133 1758 locuturum
1163 1716 1303 1770 palam
1341 1715 1630 1770 profitebatur,
1663 1716 1704 1756 et

128 1775 219 1816 erat
245 1774 419 1816 verbum
448 1774 498 1816 de
528 1786 647 1829 papa.
692 1773 882 1828 Cumque
904 1774 1016 1815 ultra
1036 1786 1163 1827 quam
1193 1773 1399 1814 mirabilia
1428 1772 1704 1822 vociferasset‚

127 1831 178 1874 de
193 1831 314 1874 dictis
330 1831 418 1874 eius
435 1831 606 1887 spiritus
628 1833 797 1874 sanctus
818 1832 920 1873 nihil
936 1831 1102 1874 honoris
1123 1830 1313 1880 obtinuit,
1335 1844 1382 1872 eo
1404 1830 1515 1884 quod
1531 1843 1703 1885 prorsus

128 1889 216 1932 sine
234 1902 282 1932 eo
311 1889 569 1943 loquebatur,
600 1902 725 1943 quem
746 1901 795 1931 ex
818 1902 861 1932 se
891 1890 1128 1932 locuturum
1159 1888 1439 1943 profitebatur.
1490 1888 1601 1929 Nam
1630 1901 1704 1943 per

128 1946 195 1989 dei
224 1947 403 2002 gratiam
434 1947 487 1989 ad
519 1947 684 2001 singula
713 1949 802 1989 tam
832 1947 1076 1989 rationabile
1107 1946 1266 1988 reddidi
1297 1959 1561 2001 responsum,
1593 1945 1703 1999 quod

245 2053 278 2092 a)
311 2050 442 2094 Krain;
478 2051 516 2097 b)
542 2051 732 2086 Hermann.

247 2098 279 2143 *)
304 2097 380 2133 Das
390 2098 577 2134 Schreiben
598 2099 648 2133 ist
670 2098 829 2134 erhalten
843 2099 891 2134 M.
908 2097 950 2134 G.
964 2098 1055 2144 legg.
1071 2098 1118 2142 Π,
1142 2101 1226 2141 130;
1253 2098 1395 2143 Stumpf
1404 2108 1455 2133 nr.
1471 2099 1574 2133 3920.
1601 2098 1702 2132 Pertz

127 2147 218 2181 aetat
233 2157 270 2181 es
285 2145 472 2181 falechlich
487 2146 543 2181 ins
561 2146 584 2180 J
586 2146 650 2181 ahr
666 2149 766 2188 1160,
793 2145 936 2192 Stumpf
947 2146 1038 2180 nach
1057 2146 1135 2180 dem
1160 2148 1192 2181 8.
1208 2145 1302 2191 Sept.
1321 2148 1421 2180 1161.
1448 2145 1494 2179 Es
1509 2145 1594 2179 wird
1613 2145 1702 2179 wohl

126 2193 356 2228 unmittelbar
372 2204 432 2228 vor
448 2193 510 2228 der
526 2193 672 2229 Abreise
689 2193 891 2228 Burchards
909 2194 1058 2228 verfasst
1075 2193 1160 2236 sein,
1178 2193 1251 2228 also
1270 2193 1367 2227 Ende
1381 2192 1584 2238 September
1602 2195 1700 2227 1161.

126 2239 447 2276 Friedrichfordert
460 2241 560 2275 darin
575 2241 641 2276 den
657 2240 863 2275 Erzbischof
873 2241 942 2284 auf,
960 2244 1002 2276 15
1020 2241 1115 2286 Tage
1128 2240 1218 2275 nach
1233 2240 1310 2274 dem
1325 2240 1493 2274 naehsten
1511 2239 1702 2275 Osterfeste

126 2287 394 2323 sichinverona
405 2288 473 2323 mit
485 2289 598 2323 seiner
613 2288 840 2323 Mannschaft
852 2299 893 2322 zu
907 2288 1043 2324 stellen.
1062 2288 1200 2334 „Teque
1218 2287 1268 2322 ita
1284 2287 1457 2322 facturum
1474 2299 1566 2322 nunc
1579 2287 1701 2321 statim

125 2335 163 2370 in
186 2346 328 2370 manum
353 2336 590 2381 praesentium
615 2336 748 2379 latoris,
775 2335 948 2381 capellani
973 2338 1009 2370 et
1032 2335 1150 2370 nuncii
1176 2335 1288 2370 nostri
1307 2335 1434 2369 Burem
1457 2334 1699 2379 (Burchardss)

127 2381 354 2426 emoniensis,
379 2382 475 2418 fideli
500 2384 538 2418 et
561 2383 662 2418 firma
687 2383 915 2429 promissione
940 2383 1133 2418 certificare
1157 2394 1225 2417 non
1251 2382 1402 2417 differas.
1442 2381 1542 2424 Quod
1567 2381 1596 2416 si
1622 2410 1629 2416 .
1657 2410 1663 2416 .
1692 2410 1698 2416 .

127 2429 264 2466 omnino
298 2430 413 2465 venire
436 2430 609 2474 nolueris,
643 2430 888 2466 indubitanter
912 2431 1000 2465 scire
1026 2433 1060 2465 te
1086 2430 1265 2472 volumus,
1301 2429 1392 2475 quod
1428 2441 1489 2463 nos
1516 2458 1523 2464 .
1552 2457 1559 2464 .
1587 2457 1594 2464 .
1622 2440 1699 2463 cum

126 2477 269 2513 consilio
299 2477 496 2523 principum
527 2479 564 2513 et
594 2478 834 2523 religiosorum
864 2478 917 2512 ita
942 2478 984 2513 de
1010 2477 1255 2522 Salzburgensi
1280 2476 1425 2511 ecclesia
1450 2476 1699 2519 ordinabimus,

126 2526 168 2560 ut
200 2526 238 2560 et
259 2524 368 2559 honor
392 2525 457 2559 Dei
482 2527 519 2560 et
543 2525 665 2570 religio
690 2537 759 2560 non
783 2525 1013 2560 imminuatur
1037 2527 1073 2559 et
1098 2524 1255 2559 debitum
1283 2524 1461 2559 servitium
1489 2523 1631 2569 imperio
1658 2523 1699 2557 de

126 2573 261 2607 caetero
285 2572 543 2607 rationabiliter
567 2573 798 2608 exsolvatur.“
862 2572 916 2616 **)
935 2573 1002 2607 Ein
1019 2572 1208 2607 Schreiben
1228 2583 1272 2606 an
1293 2571 1359 2606 den
1379 2570 1704 2616 Suffraganbischof

125 2631 157 2655 v.
184 2618 282 2655 Gurk
305 2619 355 2654 ist
379 2619 538 2655 erhalten
563 2620 625 2664 (M.
653 2619 696 2655 G.
722 2620 813 2665 legg.
830 2620 878 2663 11,
907 2623 972 2655 130
997 2620 1039 2662 f.;
1067 2619 1211 2665 Stumpf
1231 2630 1282 2654 nr.
1309 2619 1428 2662 3921),
1455 2618 1561 2652 worin
1586 2617 1699 2662 Klage

125 2665 268 2712 geffihrt
299 2666 387 2701 wird
428 2667 515 2702 iiber
546 2667 601 2702 die
626 2667 852 2702 Versaumnis
886 2667 947 2702 des
972 2666 1340 2702 Reichsheerdienstes
1377 2666 1506 2700 seitens
1533 2665 1593 2699 des
1617 2664 1698 2699 Erz-

125 2713 297 2757 bischofs,
333 2724 434 2757 „cum
459 2714 503 2748 ab
527 2714 606 2760 ipsa
631 2715 778 2750 veritate
807 2715 919 2749 omnis
944 2715 1057 2757 homo,
1074 2743 1081 2750 .
1109 2742 1116 2749 .
1145 2741 1152 2749 .
1179 2725 1290 2759 quae
1324 2715 1431 2747 sunt
1465 2711 1696 2755 Caesaris,

126 2761 304 2796 caesari
328 2761 521 2796 reddere
544 2761 729 2797 iubeatu
739 2764 789 2797 r.“
829 2762 901 2796 Der
926 2761 1071 2796 Bischof
1093 2761 1180 2795 wird
1205 2761 1377 2801 ermahnt,
1405 2760 1470 2794 den
1496 2759 1702 2793 Erzbischof

125 2808 294 2843 ernstlich
318 2819 363 2843 an
387 2808 481 2843 seine
506 2809 635 2844 Pflicht
660 2821 699 2844 zu
727 2810 886 2844 erinnem
912 2821 945 2844 u.
972 2808 1129 2853 zugleich
1155 2808 1221 2842 den
1246 2808 1384 2853 Kaplan
1410 2806 1603 2849 Burchard,
1631 2806 1697 2841 den

124 2848 361 2901 Uberbringer
386 2855 446 2890 des
472 2856 688 2900 Schreibens,
718 2857 774 2891 bei
810 2857 870 2891 der
895 2856 1126 2900 Ausfiihrung
1157 2855 1270 2890 seiner
1300 2855 1471 2898 Austrage
1505 2865 1547 2888 zu
1579 2855 1696 2888 unter-

126 2903 264 2938 stiitzen
288 2914 322 2938 u.
346 2902 420 2938 ihm
443 2904 659 2939 namentlich
684 2904 748 2939 das
773 2903 908 2939 Geleite
933 2915 974 2938 zu
998 2904 1120 2948 geben.
