2098 3432
1658 242 1713 282 97

141 367 182 381 —v
206 351 254 396 H,
280 363 309 389 0.
337 356 401 396 56;
445 352 612 398 Sequenti
648 353 704 387 die
731 353 801 398 (18.
829 352 924 406 Sept.
956 354 1059 396 1156)
1092 353 1127 387 in
1153 353 1291 407 publico
1315 354 1472 388 residens
1497 354 1713 395 consistorio,

139 409 183 435 no
198 399 367 434 Baioaria
390 400 540 434 ulterius
566 400 716 434 totius
743 400 873 445 regni
899 400 1054 445 quietis'
1044 401 1198 435 inmunis
1215 403 1318 443 esset,
1344 403 1504 446 treugam
1522 412 1543 435 a
1559 401 1713 446 proximo

138 447 361 501 pentecosten
396 447 442 481 ad
480 458 609 481 annum
644 447 752 481 iurari
786 447 880 483 fecit.
930 447 1036 481 Porro
1061 449 1165 481 tanta
1190 448 1233 482 ab
1259 459 1301 482 ea
1326 448 1382 482 die
1407 459 1516 494 usque
1541 448 1716 492 inpresen-

94 500 97 501 ’
137 493 267 528 tiaram
295 494 363 528 toti
392 493 624 540 Transalpino
659 494 755 539 pacis
790 494 993 529 iucunditas
1019 495 1140 528 arrisit
1165 495 1319 540 imperio,
1357 498 1397 529 ut
1421 507 1490 530 non
1515 495 1627 530 solum
1651 495 1715 530 iln-

138 542 280 587 perator
295 542 332 576 et
357 543 541 586 augustus,
568 541 630 575 sed
655 543 692 575 et
708 543 809 587 pater
825 541 987 587 patriae
978 553 1052 575 11110
1071 541 1209 576 dicatur
1225 541 1433 578 Fridericus.
1462 542 1629 587 Ragewin
1647 542 1713 585 ΙΙΙ,

79 606 82 607 ’
137 597 168 624 c.
187 591 224 624 1:
241 586 293 622 Ea
310 588 412 623 deni
425 599 479 634 qu
490 599 508 622 e
524 599 592 634 pax
610 588 646 622 in
665 587 854 623 Germania
871 591 958 631 erat,
976 590 1017 622 ut
1034 589 1163 623 mutati
1180 588 1349 631 homines,
1367 591 1463 624 terra
1480 590 1560 633 alia,
1578 571 1713 624 caeluni

137 634 251 681 ipsum
278 635 401 670 mitius
425 635 633 680 molliusque
658 635 861 680 videretur]

249 710 490 753 Fredericus
539 711 617 753 Dei
679 711 813 765 gratia
861 712 1147 753 Romanorum
1203 712 1216 752 i
1229 725 1271 752 m
1281 725 1308 766 p
1321 725 1342 753 e
1355 725 1374 753 r
1387 725 1411 753 a
1420 714 1439 753 t
1450 725 1501 754 or
1551 725 1714 767 semper

102 775 103 778 ’
138 770 352 822 augustus,
383 769 594 823 episcopis,
626 768 810 819 ducibus,
841 769 1081 819 comitibus,
1113 769 1418 811 marchionibus
1450 773 1491 812 et
1521 770 1712 812 omnibus

70 826 86 864 <i
132 823 192 868 011
211 837 315 879 quos
335 825 499 868 litterae
521 827 626 868 istae
646 826 920 880 pervenerint,
952 826 1130 879 gratiam
1152 839 1271 868 suam
1292 830 1333 868 et
1353 839 1498 880 pacem
1519 829 1561 868 et
1591 828 1714 869 dilec-

137 881 302 925 aunem.
351 882 568 935 Quoniam,
590 883 730 925 divina
749 883 1066 938 praeordinante
1097 884 1327 948 clementia,
1359 884 1509 926 solium
1539 886 1712 942 regiae

137 939 366 983 maiestatis
386 941 711 991 conscendimus,
733 941 907 994 dignum
928 946 1003 991 est,
1024 943 1073 982 ut
1089 941 1206 982 0111118
1222 942 1511 995 praecellimus
1528 955 1712 992 munere,

135 996 198 1039 illi
216 997 380 1040 omnino
400 1006 619 1053 pareamus
640 998 682 1039 in
704 999 952 1062 operatione.
982 973 1084 1039 I'nde
1107 1000 1180 1048 est,
1204 999 1313 1052 quod
1334 1011 1419 1049 1108,
1443 1002 1529 1040 tam
1551 999 1712 1041 divinas

35 1064 73 1099 ὲ
137 1066 263 1109 quam
291 1055 498 1097 humanas
527 1056 640 1109 leges
669 1055 713 1096 in
745 1068 819 1098 suo
841 1055 979 1109 vigore
1001 1068 1169 1097 manere
1191 1056 1414 1110 cupientes,
1447 1058 1489 1098 et
1519 1057 1711 1098 ecclesias

51 1124 74 1139 ’ν
137 1108 222 1155 sive
242 1112 539 1155 ecclesiasticas
560 1125 756 1168 personas
779 1113 1015 1163 sublimare,
1047 1116 1088 1154 et
1110 1113 1161 1154 ab
1181 1113 1350 1155 incursu
1383 1114 1469 1156 sive
1500 1114 1711 1156 invasione

137 1169 414 1223 quorumlibet
457 1170 671 1212 defensare
715 1170 1001 1221 intendentes,
1047 1171 1380 1224 quibuscumque
1420 1172 1607 1225 personis
1646 1172 1711 1213 ius

138 1238 262 1268 suum
299 1239 540 1270 conservare
576 1228 790 1278 volumus,
831 1230 872 1270 et
911 1240 1055 1292 pacem
1094 1227 1164 1268 diu
1204 1227 1482 1270 desideratam
1519 1231 1560 1270 et
1590 1231 1713 1270 antea

137 1282 214 1327 toti
242 1286 376 1327 terrae
405 1285 693 1337 necessariam,
723 1298 815 1339 per
844 1285 1132 1327 universas
1163 1286 1318 1339 regni
1348 1287 1526 1341 partes
1556 1287 1712 1328 haben-

137 1340 234 1384 dam
275 1342 391 1396 regia
433 1343 677 1385 auctoritate
721 1342 953 1384 indicimus.
1023 1342 1212 1394 Qualiter
1257 1345 1398 1384 autem
1444 1343 1589 1385 eadem
1633 1357 1712 1398 pax

136 1399 315 1442 tenenda
334 1399 390 1441 sit
410 1402 452 1442 et
482 1400 694 1451 servanda,
725 1400 768 1441 in
799 1401 1149 1453 subsequentibus
1181 1400 1392 1442 evidenter
1422 1401 1710 1443 declarabitur.

255 1458 290 1498 1.
322 1456 367 1499 Si
387 1457 480 1511 quis
501 1457 712 1500 hominem
743 1457 884 1499 infra
913 1470 1087 1512 pacem
1119 1458 1477 1499 constitutam
1508 1459 1711 1509 occiderit,

138 1512 356 1568 capitalem
387 1515 534 1557 subeat
564 1515 826 1565 sententiam,
855 1515 936 1556 nisi
962 1528 1036 1569 per
1056 1515 1241 1556 duellum
1271 1515 1349 1556 1100
1369 1517 1541 1570 probare
1570 1516 1712 1570 possit,

136 1570 246 1625 quod
282 1572 411 1614 vitam
451 1585 572 1614 suam
610 1572 865 1615 defendendo
904 1572 1023 1614 illum
1065 1572 1269 1614 occiderit.
1330 1572 1372 1614 Si
1406 1575 1547 1615 autem
1578 1574 1710 1615 mani-

134 1627 290 1675 festum
327 1630 519 1672 omnibus
558 1630 636 1672 hoc
671 1629 814 1681 fuerit,
857 1630 967 1684 quod
996 1643 1079 1671 non
1110 1630 1361 1681 necessario,
1402 1633 1465 1672 set
1494 1632 1708 1673 voluntate

136 1675 255 1728 illum
283 1687 491 1738 occiderit,
520 1689 622 1729 tunc
650 1700 787 1741 neque
816 1700 890 1742 per
920 1687 1124 1738 duellum,
1154 1700 1231 1729 nec
1262 1688 1446 1741 quolibet
1477 1688 1556 1730 alio
1586 1689 1707 1731 modo

137 1755 180 1785 se
219 1745 447 1795 excusabit,
487 1745 588 1799 quin
622 1745 788 1799 capitali
828 1745 1078 1810 dampnetur
1118 1746 1334 1787 sententia.
1395 1745 1438 1788 Si
1469 1759 1564 1788 vero
1594 1747 1708 1801 pacis

136 1800 308 1844 violator
327 1813 352 1844 a
370 1777 472 1844 facie
491 1802 638 1844 iudicis
658 1802 824 1856 fugerit,
854 1815 921 1844 res
944 1803 1032 1844 eius
1063 1803 1236 1844 mobiles
1267 1816 1292 1844 a
1320 1803 1454 1844 iudice
1484 1804 1526 1844 in
1556 1805 1707 1858 populo

135 1857 406 1913 publicentur,
437 1860 479 1902 et
498 1859 810 1915 dispensentur3
841 1860 1013 1902 heredes
1036 1862 1177 1901 autem
1199 1861 1263 1902 sui
1284 1861 1557 1902 hereditatem
1580 1874 1707 1914 quam

136 1914 205 1958 ille
224 1916 392 1958 tenebat
410 1917 622 1972 recipiant,
652 1917 727 1959 tali
747 1918 978 1959 conditione
999 1918 1203 1972 imposita,
1233 1921 1281 1958 ut
1301 1918 1565 1960 iureiurando
1587 1932 1708 1973 spon-

80 1998 87 2007 ·
136 1971 292 2025 deatm,
323 1974 433 2028 quod
459 1975 528 2016 ille
548 1974 661 2029 pacis
683 1975 856 2017 violator
875 1988 1109 2029 numquam
1131 1975 1180 2016 de
1203 1977 1337 2017 cetero
1357 1975 1543 2030 ipsorum
1566 1977 1708 2018 volun-

135 2031 221 2072 tate
251 2031 324 2072 aut
353 2044 555 2074 consensu
587 2032 753 2086 aliquod
784 2033 1113 2075 emolumentum
1144 2032 1239 2074 inde
1269 2033 1479 2087 percipiat.
1522 2033 1640 2085 Quod
1674 2034 1708 2075 si

134 2086 325 2139 heredes,
361 2089 549 2142 neglecto
588 2089 855 2144 postmodum
890 2090 993 2132 iuris
1024 2091 1177 2155 rigore,
1214 2090 1491 2132 hereditatem
1522 2091 1558 2132 ei
1589 2091 1708 2132 dimi-

136 2144 283 2196 serint,
319 2158 455 2188 comes
496 2147 670 2188 eandem
706 2147 980 2190 hereditatem
1021 2149 1159 2201 regiae
1199 2147 1344 2189 ditioni
1374 2149 1575 2201 assignet,
1613 2151 1654 2190 et
1684 2161 1708 2190 a

135 2213 230 2256 rege
257 2203 347 2245 iure
375 2203 561 2246 beneficii
589 2205 772 2259 recipiat.
781 2205 853 2259 ²²)*)

249 2261 287 2302 2.
318 2259 363 2302 Si
384 2260 477 2315 quis
498 2262 629 2303 alium
658 2262 766 2304 infra
794 2263 906 2316 pacis
938 2261 1119 2303 edictum
1140 2262 1430 2312 vulneraverit,
1460 2262 1540 2304 nisi
1571 2263 1707 2304 duello

136 2317 245 2371 quod
281 2317 411 2360 vitam
446 2330 566 2360 suam
605 2319 861 2361 defendendo
899 2320 976 2361 hoc
1014 2319 1157 2361 fecerit
1196 2320 1448 2374 probaverit,
1487 2332 1637 2361 manus
1670 2321 1705 2361 ei

135 2376 391 2441 amputetur,
422 2379 464 2417 et
493 2377 603 2418 sicut
633 2378 822 2431 superius
853 2377 1011 2418 dictum
1043 2379 1129 2426 est,
1160 2376 1385 2425 iudicetur;
1416 2377 1539 2418 iudex
1570 2378 1708 2431 ipsum

67 2449 70 2454 ·
135 2432 178 2474 et
203 2444 270 2474 res
299 2432 388 2474 eius
419 2433 649 2475 secundum
679 2434 857 2488 rigorem
886 2434 1072 2475 iustitiae
1104 2434 1288 2476 strictius
1319 2438 1605 2498 persequatur.

139 2527 142 2531 ,
248 2490 287 2532 3.
318 2489 363 2532 Si
383 2490 476 2544 quis
499 2491 627 2532 alium
658 2492 822 2546 ceperit,
854 2493 896 2533 et
926 2492 1082 2545 absque
1114 2491 1311 2533 effusione
1343 2491 1557 2544 sanguinis
1587 2491 1707 2533 fusti-

133 2545 212 2588 bus
230 2548 490 2613 percusserit,
513 2548 622 2601 quod
630 2550 658 2582 1>)
680 2550 813 2591 crines
835 2549 923 2590 eius
946 2550 1019 2590 aut
1040 2550 1211 2590 barbam
1233 2549 1484 2603 expilaverit‚
1509 2550 1561 2590 10
1581 2549 1706 2591 libras

136 2602 172 2645 ei
200 2604 267 2646 cui
295 2604 447 2646 iniuria
475 2605 592 2647 illata
621 2618 711 2648 esse
741 2606 907 2648 videtur
934 2619 1008 2660 per
1038 2606 1377 2660 compositionem
1407 2606 1637 2660 impendat,
1667 2608 1708 2648 et

252 2749 290 2773 a·
314 2739 436 2775 Pertz:
461 2742 644 2787 recipiant.
692 2743 778 2788 b)p
755 2754 788 2788 p.
814 2743 867 2777 ita
893 2742 985 2788 quod
1010 2746 1050 2785 6;
1076 2754 1109 2788 p.
1136 2744 1173 2777 et
1201 2746 1239 2785 .J;
1266 2755 1297 2788 p.
1327 2743 1378 2777 vel
1403 2746 1436 2785 4,
1464 2745 1495 2786 7,
1522 2746 1555 2777 8.

253 2787 292 2829 *)
318 2786 350 2820 V
350 2787 398 2831 g.l
425 2788 587 2823 01111110110
604 2789 892 2834 Besfimmungen
918 2790 1004 2824 iiber
1030 2772 1085 2823 die
1110 2790 1294 2834 liegenden
1312 2789 1423 2825 Giiter
1449 2790 1509 2824 des
1526 2789 1706 2824 Friedens-

135 2831 296 2868 bret-,hers
330 2834 379 2869 im
413 2834 569 2870 Mainzer
594 2835 873 2880 Gottesfrieden,
907 2837 943 2871 in
970 2837 1031 2871 der
1055 2836 1212 2871 Mainzer
1246 2836 1706 2881 Reiohsfriedenseinigung,

133 2877 183 2914 im
206 2878 472 2917 Schwabischen
497 2883 731 2918 Landffieden
757 2896 788 2919 v.
817 2886 918 2919 1104.

209 2946 515 2982 Doberl,}10nmn.
538 2950 670 2977 German.
692 2951 796 2977 selecta
816 2953 840 2978 4.
1456 2934 1479 2972 7
