2098 3432
1631 282 1682 323 13

109 393 368 450 Agrigentini
409 396 450 435 et
479 392 747 436 Mazariensis
778 393 842 436 vel
874 392 1132 436 Cataniensis
1166 406 1214 436 ea
1242 394 1419 445 ratione,
1458 407 1510 437 ne
1541 408 1686 450 supra-

110 451 243 496 dictae
263 451 457 494 ecclesiae
479 451 521 492 111
543 451 796 493 dioecesibus
817 451 885 493 vel
899 452 1230 505 possessionibus
1247 452 1332 493 suis
1351 464 1374 493 a
1390 451 1684 494 Panormitano

110 509 410 564 archiepiscopo
439 509 505 550 vel
536 509 586 550 ab
617 508 707 563 ipsa
733 508 1030 550 Panormitana
1060 509 1231 550 ecclesia
1262 509 1579 552 diminutionem
1610 511 1683 552 ali-

110 579 237 623 quam
254 567 478 622 patiantur.
531 566 593 607 De
623 565 794 619 reliquis
824 578 919 608 vero
949 565 1110 608 duobus
1140 566 1314 620 pleniori
1344 568 1485 609 nostro
1516 567 1683 609 consilio

112 636 381 668 reservamus.
430 623 545 665 Haec
565 624 704 665 omnia
735 623 981 678 supradicta,
1012 623 1087 665 has
1117 627 1282 666 nostras
1313 625 1595 667 concessiones
1627 625 1685 667 sic

112 681 393 732 concedimus,
434 680 638 722 tradimus
671 685 712 722 et
743 681 1044 722 auctorizamus
1075 681 1150 722 tibi
1183 684 1223 722 et
1253 682 1338 722 tuis
1368 681 1463 723 filiis
1494 682 1684 724 habenda

59 763 63 766 ⁴
110 740 153 785 et
187 738 437 795 possidenda
465 738 554 780 iure
584 740 802 793 perpetuo,
834 738 933 779 dum
962 738 1079 780 nobis
1110 739 1345 792 nostrisque
1377 739 1681 782 successoribus

56 808 62 823 ²
109 795 350 851 homagium
376 798 417 838 et
437 796 682 838 fidelitatem
704 796 953 850 competenti
974 796 1091 837 nobis
1123 799 1165 837 et
1194 796 1308 837 vobis
1340 809 1566 850 securoque
1596 798 1683 839 loco

109 852 232 899 facies
260 854 327 896 vel
357 853 527 903 facient,
558 853 756 895 iuraveris
787 853 851 894 vel
881 853 1118 903 iuraverint,
1150 854 1183 894 si
1214 853 1257 894 in
1287 853 1405 895 nobis
1436 854 1501 896 vel
1531 855 1683 896 nostris

108 911 413 955 successoribus
434 924 517 952 non
529 913 556 943 ⁸)
578 910 825 952 remanserit
837 925 846 958 ς
878 923 959 952 non
980 910 1070 952 ideo
1091 911 1258 952 honoris
1281 923 1355 952 seu
1386 911 1598 964 dignitatis
1619 913 1683 954 vel

106 970 241 1012 terrae
283 981 382 1011 suae
415 969 630 1023 patiantur
659 968 988 1009 diminutionem.
1038 968 1072 1008 T
1082 981 1109 1008 u
1142 981 1165 1009 a
1175 970 1261 1010 ute
1274 981 1316 1009 m
1347 981 1368 1010 0
1379 981 1399 1010 0
1412 981 1440 1009 11
1450 982 1469 1010 s
1482 983 1510 1010 u
1520 982 1563 1010 m
1594 1002 1602 1010 .
1635 1002 1643 1010 .
1675 1002 1683 1010 .

107 1028 159 1068 et
194 1026 420 1068 heredes
457 1027 535 1067 tui
577 1025 834 1067 videlicet
873 1028 1148 1067 sexcentos
1198 1025 1506 1076 schifatosb>‚
1554 1040 1683 1080 quos

108 1083 260 1126 annis
299 1083 536 1137 singulis
566 1083 832 1125 Romanae
874 1083 1136 1124 ecclesiae
1167 1083 1471 1137 persolvere
1503 1084 1682 1134 debeS‚

107 1141 143 1184 si
161 1141 386 1196 requisitus
407 1140 559 1189 fueris;
592 1140 701 1194 quod
723 1141 756 1182 si
778 1140 1004 1193 requisitus
1023 1153 1106 1182 non
1126 1140 1264 1190 fueris,
1286 1140 1394 1182 facta
1415 1142 1683 1195 requisitione

105 1211 133 1256 p
142 1210 164 1242 0
173 1210 197 1240 1·
206 1211 226 1242 0
238 1211 261 1241 0
271 1199 288 1240 1
298 1212 324 1240 v
334 1211 358 1240 a
367 1211 406 1249 s,
442 1198 560 1240 nulla
589 1198 639 1239 de
669 1211 751 1239 non
782 1197 926 1239 solutis
958 1198 1103 1239 habita
1134 1198 1342 1240 occasione
1374 1232 1381 1239 .
1415 1230 1423 1239 .
1455 1231 1463 1239 .
1525 1199 1567 1240 Si
1601 1213 1682 1253 qua

106 1268 205 1299 sane
241 1256 286 1298 in
323 1258 536 1311 posterum
578 1255 855 1297 ecclesiastica
885 1255 1157 1297 saecularisve
1188 1268 1362 1310 persona
1392 1256 1488 1298 huic
1517 1261 1682 1298 nostrae

107 1314 355 1356 concessioni
372 1314 439 1355 vel
455 1313 665 1355 donationi
681 1314 843 1355 obviare
858 1315 999 1354 tentav
1004 1313 1090 1362 erit,
1112 1313 1191 1355 nisi
1207 1312 1485 1355 satisfactione
1503 1327 1682 1368 congrua

30 1375 32 1378 ’
105 1370 187 1415 resi
219 1370 334 1422 uerit,
367 1371 642 1413 anathematis
666 1370 800 1424 gladio
821 1370 1005 1412 feriatur.
1056 1346 1260 1412 Omnibus
1287 1384 1381 1412 vero
1413 1371 1488 1412 has
1518 1376 1682 1413 nostras

105 1441 181 1472 con
212 1429 369 1479 tiones,
400 1429 681 1471 concessiones
712 1432 753 1470 et
784 1440 1008 1470 consensus
1039 1429 1299 1470 servantzbus
1332 1428 1387 1470 sit
1416 1441 1495 1483 pax
1515 1429 1681 1471 Domini

28 1477 39 1513 ἶ
107 1487 239 1529 nostri
267 1486 365 1528 Iesu
396 1486 560 1528 Christi.
610 1487 755 1527 Amen.

223 1543 311 1598 Ego
340 1544 565 1586 Anacletus
597 1543 820 1585 catholicae
853 1543 1047 1585 ecclesiae
1080 1543 1306 1598 episcopus.

220 1601 311 1655 Ego
340 1601 581 1643 Matthaeus
610 1601 828 1655 presbyter
856 1600 1076 1642 Eudoxiae.

223 1658 398 1713 Signum
427 1671 578 1700 manus
598 1658 712 1700 Petri
742 1658 889 1700 Leonis
919 1658 1202 1699 Romanorum
1233 1658 1411 1700 consulis
1444 1661 1485 1700 et
1515 1659 1679 1712 signum

108 1727 258 1758 manus
286 1716 452 1770 Rogerii
490 1715 630 1758 fratris
670 1716 757 1758 eius
797 1717 838 1757 et
879 1715 1045 1769 signum
1086 1728 1235 1757 manus
1274 1715 1388 1757 Petri
1418 1715 1682 1769 Vguiccionis

106 1772 180 1816 filii
218 1777 260 1815 et
299 1773 464 1828 signum
509 1786 659 1815 manus
697 1773 833 1815 Cencii
1003 1772 1204 1815 Guidonis
1245 1775 1286 1814 et
1326 1774 1491 1827 signum
1530 1787 1678 1815 manus

109 1829 224 1873 Petri
245 1831 395 1874 Leonis
416 1831 466 1873 de
487 1831 643 1873 Fundis
666 1832 707 1872 et
727 1830 892 1884 signum
913 1843 1062 1872 manus
1083 1830 1228 1872 Abucii
1260 1833 1302 1872 et
1332 1832 1499 1884 signum
1529 1844 1680 1873 manus

109 1887 277 1931 Ioannis
306 1888 504 1931 Abdiricii
548 1892 589 1930 et
628 1889 794 1942 signum
834 1901 984 1930 manus
1023 1888 1201 1929 Milonis.
1261 1888 1419 1929 Datum
1450 1888 1679 1930 Beneventi

107 1957 181 2001 per
198 1958 371 1988 manum
393 1945 564 1988 Saxonis
596 1959 625 1988 s.
648 1959 680 1987 r.
711 1959 744 1987 e.
775 1945 1004 2000 presbyteri
1035 1945 1264 1994 cardinalis,
1297 1945 1343 1986 V.
1365 1946 1456 1987 Kal.
1480 1945 1681 1995 Octobris,

109 2002 330 2046 indictione
350 2016 470 2054 nona,
502 2016 608 2045 anno
629 2003 870 2045 Dominicae
898 2003 1192 2044 incarnationis
1213 2003 1434 2044 millesimo
1457 2004 1680 2046 centesimo

109 2060 330 2115 trigesimo,
358 2060 630 2103 Pontificatus
652 2060 807 2102 domini
827 2061 1014 2102 Anacleti
1047 2060 1215 2102 secundi
1238 2060 1375 2114 Papae
1398 2073 1504 2102 anno
1535 2061 1680 2115 primo.

248 2254 289 2311 V.
324 2253 537 2324 Aeohtung
571 2254 770 2312 Anaklets
804 2255 854 2311 ΙΙ.
890 2253 1018 2310 durch
1054 2253 1210 2310 Lothar
1245 2254 1311 2309 ΙΙΙ.
1347 2254 1505 2316 1133.*)

618 2341 725 2386 (Mon.
754 2340 870 2376 Germ.
896 2341 988 2385 legg.
1015 2341 1062 2379 Π,
1089 2341 1160 2386 81.)

222 2417 444 2460 Lotharius
465 2417 543 2460 Dei
573 2418 707 2472 gratia
726 2419 1012 2459 Romanorum
1032 2430 1114 2464 rex,
1145 2418 1323 2470 regibus,
1356 2418 1681 2472 archiepiscopis,

108 2474 324 2539 episcopis,
352 2475 616 2530 principibus,
649 2477 691 2517 et
719 2475 922 2517 universis
953 2475 1031 2516 Dei
1060 2474 1271 2524 fidelibus,
1302 2475 1354 2516 ad
1386 2487 1488 2528 quos
1519 2475 1682 2517 litterae

106 2531 213 2574 istae
241 2532 513 2588 perrenerint
544 2533 734 2575 salutem.

222 2650 254 2689 a)
279 2646 343 2682 Ich
367 2647 524 2683 schreibe
547 2648 615 2683 mit
637 2647 935 2692 Hinweglassung
960 2648 1072 2682 dieses
1097 2659 1182 2682 non:
1217 2647 1427 2690 iuraverint;
1461 2647 1491 2681 si
1516 2647 1551 2681 in
1578 2648 1679 2682 nobis

105 2694 159 2730 vel
181 2694 311 2730 nostris
336 2695 592 2730 successoribus
616 2695 906 2738 remanserint,
932 2706 1000 2729 non
1026 2695 1130 2730 ideo.
1171 2695 1277 2740 pati
1282 2696 1386 2729 intur
1401 2694 1678 2730 diminutionem.

105 2741 144 2785 b)
169 2740 391 2787 Goldgulden
415 2740 449 2786 (ὁ
477 2755 571 2787 σκυφ
573 2753 612 2776 ος
642 2756 683 2760 -
709 2741 868 2786 Becher).

225 2788 258 2832 *)
282 2789 384 2824 Pertz
408 2789 488 2834 gibt
512 2789 624 2824 dieses
641 2789 929 2824 Rundschreiben
953 2773 1045 2824 nach
1062 2789 1266 2830 Bucherius,
1294 2788 1519 2834 Spicilegium
1545 2788 1584 2824 T.
1612 2789 1679 2833 ΙΙΙ,

105 2846 164 2882 pg.
189 2838 259 2871 485
282 2836 306 2871 f.
338 2847 372 2872 u.
397 2836 623 2879 Schatenius,
658 2836 749 2872 Ann.
775 2836 923 2871 Paderb.
951 2848 1007 2882 pg.
1034 2839 1121 2879 730,
1155 2836 1272 2870 welch
1308 2836 1470 2870 letzterer
1507 2836 1582 2870 eine
1607 2836 1678 2871 Ab·

106 2882 230 2918 schrift
254 2882 314 2917 des
339 2883 504 2918 Baluzius
530 2884 677 2918 beniitzt
700 2884 774 2928 hat.
824 2883 926 2918 Pertz
952 2883 1084 2918 datiert
1110 2886 1141 2918 4.
1168 2883 1269 2924 ι111111
1304 2883 1364 2917 der
1389 2882 1465 2927 Tag
1488 2883 1578 2917 lasst
1603 2883 1679 2917 sich

103 2928 229 2974 jodoch
260 2930 361 2966 nicht
392 2930 608 2974 feststessen,
641 2930 696 2965 die
720 2923 889 2974 Achtung
913 2941 1009 2964 muss
1035 2942 1083 2964 zw
1087 2930 1207 2964 10011011
1232 2930 1310 2964 dem
1334 2929 1410 2973 Tag
1435 2929 1495 2964 des
1522 2929 1674 2974 Einzugs
