2098 3432
486 302 566 342 192

594 412 694 463 Quis
724 413 788 453 vel
817 424 960 453 caecus
989 424 1069 452 non
1099 412 1374 466 deprehendat
1405 416 1488 454 tam
1519 414 1779 456 manifestam
1808 415 2018 466 malitiam,

482 469 694 509 mendacia
736 471 823 508 tam
867 469 1034 521 aperta?
1093 468 1202 508 Nam
1244 468 1327 509 fere
1370 470 1556 510 omnibus
1598 474 1741 511 notum
1781 473 1860 520 est,
1904 472 2019 514 cuius

481 525 676 565 momenti
708 525 809 572 sint,
839 523 1078 577 praesertim
1108 524 1148 564 in
1179 524 1373 565 electione
1402 525 1575 566 Romani
1605 527 1815 579 pontificis,
1843 528 2018 569 rectores

482 580 550 629 illi,
581 593 682 632 quos
713 579 762 620 ad
793 580 988 620 tuendam
1018 580 1218 620 malitiam
1248 592 1365 620 suam
1394 581 1609 622 concilium
1637 582 1834 635 Papiense
1864 583 2020 636 magni-

482 636 586 677 ficat.
645 635 720 677 Cui
759 648 840 676 non
879 639 941 676 est
980 635 1212 676 incredibile
1248 648 1315 676 eos
1345 636 1444 677 haec
1474 639 1686 687 tractasse,
1724 639 1794 690 qui
1823 638 2019 680 iactitant.

483 692 563 733 Sed
593 693 690 741 esto,
721 691 829 743 quod
857 690 1115 731 interfuerint
1136 691 1250 732 initio
1271 692 1506 744 iurgiorum,
1534 693 1735 746 numquid
1754 694 2019 747 R(olandum)

481 760 610 800 usque
633 748 682 788 ad
703 747 1047 789 conservationem
1068 759 1184 799 suam
1204 759 1276 800 per
1306 747 1391 788 dies
1422 748 1633 789 duodecim
1662 750 1863 802 persecuti
1893 752 2019 792 sunt?

480 804 691 855 Numquid
720 804 796 844 hoc
824 803 925 844 vidit
954 803 1178 856 capitulum
1208 803 1349 856 b(eati)
1370 803 1490 853 Petri,
1521 805 1562 844 in
1589 805 1703 846 cuius
1723 817 1895 858 persona
1912 806 2021 848 iura-

481 863 569 900 tum
586 862 657 908 est,
688 872 739 900 611
760 861 947 907 16610166,
977 858 1046 910 qui
1076 871 1147 912 pro
1179 871 1221 900 se
1241 859 1505 900 iuraverunt?
1538 861 1748 913 Numquid
1767 862 1868 902 11666
1885 862 2022 904 omnia

480 915 706 968 praefectus
750 915 861 964 vidit,
905 915 997 955 exul
1041 917 1082 955 et
1126 915 1190 955 cui
1237 915 1379 956 urbem
1421 916 1574 956 intrare
1603 929 1683 958 non
1712 917 1807 958 licet
1816 917 1880 970 ?*)
1939 917 2020 960 Sed

481 975 521 1012 et
550 972 657 1025 ipse,
686 975 734 1012 ut
762 971 984 1024 vulgariter
1014 970 1092 1012 dici
1122 971 1245 1019 solet,
1277 970 1486 1012 Octaviani
1515 984 1639 1025 nepos
1670 974 1733 1013 est
1761 975 1802 1015 et
1830 985 1852 1014 e
1881 973 2020 1023 vicino,

480 1030 527 1068 ut
555 1028 707 1069 rectius
737 1027 916 1075 dixerim,
948 1028 1154 1079 cognatus,
1184 1028 1325 1079 utpote
1356 1028 1500 1068 sororis
1531 1028 1649 1069 filius.
1709 1028 1788 1070 Sed
1818 1029 1887 1070 alii
1915 1029 2021 1071 cives

480 1084 580 1125 haec
619 1083 754 1124 omnia
793 1083 1068 1136 inspexerunt,
1105 1084 1152 1123 ut
1180 1084 1269 1124 tuto
1299 1083 1490 1124 iurarent.
1549 1084 1760 1136 Numquid
1790 1084 1840 1125 ad
1869 1086 2022 1127 terram

482 1139 606 1180 Siculi
648 1140 932 1180 accesserunt?
1000 1138 1126 1179 Plane
1162 1138 1335 1179 fideliter
1373 1140 1590 1180 examinati
1630 1143 1727 1180 sunt
1764 1142 1911 1190 testes,
1950 1141 2021 1194 qui

480 1196 580 1237 haec
608 1196 753 1243 omnia,
782 1197 994 1248 praesente
1025 1194 1093 1235 illo
1124 1207 1236 1235 sacro
1267 1195 1442 1244 concilio,
1471 1196 1718 1236 iuraverunt.
1774 1196 1854 1238 Sed
1883 1197 1932 1238 de
1960 1197 2022 1238 in-

480 1251 638 1293 dustria
675 1252 828 1292 civibus
866 1250 1035 1291 remissa
1073 1253 1134 1291 est
1173 1251 1394 1292 necessitas
1431 1251 1670 1301 iuramenti,
1715 1252 1906 1304 quoniam
1941 1265 2022 1294 non

480 1310 596 1348 erant
626 1308 768 1359 utique
799 1306 984 1347 iuraturi.
1043 1306 1151 1347 Nam
1180 1306 1255 1347 etsi
1285 1319 1366 1348 non
1396 1307 1675 1356 conscientiae,
1706 1309 1750 1349 at
1778 1308 1910 1350 famae
1940 1308 2022 1350 dis-

480 1364 673 1417 pendium
690 1363 796 1416 apud
813 1363 995 1404 concives
1013 1375 1106 1403 suos
1122 1362 1326 1403 incurrere
1341 1363 1594 1404 verebantur.
1615 1363 1831 1405 Caeterum
1852 1365 2022 1406 sanioris

479 1420 607 1472 partis
646 1419 918 1460 numerositas
957 1431 1037 1470 quo
1077 1418 1275 1459 defluxit?
1336 1419 1378 1460 Si
1415 1419 1654 1472 prudentiae
1685 1421 1726 1461 et
1755 1420 1933 1462 iustitiae
1962 1420 2023 1461 in-

481 1475 714 1517 columitate
745 1475 959 1527 vigebant,
999 1487 1078 1526 quo
1107 1476 1223 1515 motu
1252 1476 1508 1516 recesserunt
1537 1488 1560 1516 a
1588 1476 1758 1517 veritate
1788 1477 1829 1517 et
1855 1475 2022 1525 iustitia,

481 1544 605 1584 quam
626 1532 846 1572 tenebant?
896 1532 1010 1571 Anne
1031 1531 1202 1583 pecunia
1222 1530 1292 1571 illa
1320 1531 1495 1584 corrupti
1527 1533 1633 1581 sunt,
1663 1544 1787 1584 quam
1816 1533 2022 1574 senatores

480 1601 523 1629 se
554 1589 604 1629 ab
627 1588 846 1629 Octaviano
878 1587 1077 1639 accepisse
1108 1586 1279 1628 confessi
1309 1591 1416 1636 sunt,
1447 1589 1494 1627 ut
1522 1587 1703 1628 iurarent
1730 1588 2022 1641 promotionem

480 1644 578 1693 eius,
602 1657 705 1696 quae
726 1643 971 1696 reparationi
990 1655 1201 1684 murorum
1222 1656 1245 1684 a
1265 1643 1412 1696 populo
1434 1643 1594 1684 addicta
1614 1647 1686 1693 est,
1707 1644 2022 1685 acclamantibus

479 1700 631 1749 multis,
663 1700 769 1752 quod
790 1712 871 1740 non
891 1699 986 1740 licet
1005 1699 1168 1740 mittere
1190 1711 1279 1740 eam
1306 1699 1348 1739 in
1378 1700 1604 1748 corbonam,
1634 1712 1679 1741 eo
1710 1700 1817 1752 quod
1846 1700 2022 1754 pretium

479 1756 688 1808 sanguinis
719 1757 810 1796 est?
859 1755 919 1795 Ex
948 1755 1016 1796 illo
1046 1768 1193 1807 magno
1214 1768 1338 1796 nervo
1368 1756 1442 1796 soli
1475 1757 1557 1796 tres
1586 1759 1882 1805 remanserunt,
1911 1756 2023 1809 digni

482 1812 646 1864 quidem
667 1811 902 1860 cardinales,
924 1811 972 1851 de
994 1811 1142 1863 quibus
1159 1811 1363 1852 Teutones
1383 1811 1423 1851 in
1441 1811 1583 1852 castris
1599 1811 1751 1853 ferrent
1766 1813 2021 1853 sententiam.

589 1868 756 1909 Audivit
772 1868 871 1908 haec
886 1868 1023 1908 omnia
1041 1867 1271 1908 Willelmus
1293 1867 1574 1920 Papiensis**)
1604 1867 1818 1909 cardinalis
1848 1867 1888 1910 S.
1908 1868 2019 1909 Petri

479 1925 529 1964 ad
551 1924 732 1971 vincula;
763 1925 976 1976 praesente
1007 1923 1172 1964 coneilio
1201 1936 1281 1964 non
1310 1923 1485 1976 negavit.
1531 1923 1611 1965 Sed
1642 1923 1738 1976 quid
1767 1936 1839 1977 pro
1860 1923 2021 1965 Victore

478 1981 681 2021 asseruit?
730 1979 864 2030 Quare
884 1979 1071 2032 neglecta
1092 1981 1154 2020 est
1175 1979 1383 2020 attestatio
1407 1979 1524 2020 eius?
1571 1979 1890 2032 Interrogandus
1911 1983 2021 2026 erat3

479 2037 577 2077 satis
609 2036 717 2076 enim
746 2036 924 2076 habebat
953 2036 1032 2076 oris
1062 2038 1103 2075 et
1131 2035 1304 2088 pectoris
1336 2037 1376 2076 et
1406 2037 1603 2084 aetatem,
1632 2037 1680 2076 111
1708 2048 1780 2089 pro
1810 2048 1853 2077 se
1882 2036 2022 2088 loque-

477 2095 599 2133 retur.
661 2092 740 2133 Sed
778 2092 896 2144 plane
936 2091 1209 2143 interrogatus
1249 2104 1330 2131 non
1369 2093 1450 2138 est,
1489 2091 1596 2143 quod
1625 2091 1760 2132 fuerat
1786 2093 2021 2144 negaturus,

479 2150 519 2188 et
548 2149 722 2189 scienter
751 2148 957 2188 obmutuit
984 2147 1027 2188 in
1056 2148 1249 2195 tumultu,
1285 2147 1355 2199 qui
1383 2147 1529 2188 furoris
1550 2147 1712 2188 videbat
1741 2147 1952 2201 impetum,
1982 2149 2022 2188 et

479 2204 586 2256 quod
606 2205 706 2246 11666
724 2203 1002 2257 praesumptio
1032 2203 1073 2243 in
1102 2203 1213 2244 nullo
1234 2203 1484 2256 praeiudicat
1514 2203 1805 2244 ecclesiasticae
1834 2203 2022 2245 libertati.

477 2261 619 2302 Unum
638 2262 776 2301 tamen
797 2259 963 2300 edoctus
984 2271 1077 2300 sum
1095 2259 1252 2300 silentio
1270 2259 1366 2308 eius,
1388 2260 1484 2312 quia·
1502 2260 1636 2311 quiin
1657 2264 1771 2300 tanto
1792 2259 2021 2301 discrimine

484 2316 674 2357 ecclesiae
705 2316 807 2357 silet.
837 2328 918 2356 non
941 2315 1114 2358 videtur-
1131 2315 1291 2356 64111161
1302 2316 1451 2368 tyrium
1478 2327 1706 2368 properare.

593 2372 635 2413 Si
656 2372 832 2412 Victoris
854 2371 952 2411 adeo
974 2383 1074 2411 sana
1094 2371 1172 2411 fuit
1193 2371 1344 2420 electio,
1375 2383 1499 2423 quare
1525 2371 1747 2412 cardinales
1778 2370 1951 2424 episcopi
1981 2372 2023 2411 et

478 2441 617 2469 omnes
639 2429 718 2478 alii,
748 2427 922 2480 exceptis
945 2427 1007 2467 his
1028 2427 1169 2476 tribus,
1200 2439 1301 2479 quos
1323 2429 1369 2467 tu
1390 2427 1555 2479 quidem
1574 2439 1755 2476 noveras,
1785 2426 1857 2468 sed
1877 2426 2021 2468 amodo

477 2484 656 2525 mundus
669 2485 872 2537 agnoscet,
888 2483 1178 2524 consecrationi
1189 2483 1297 2524 illius
1307 2482 1550 2523 defuerunt?
1571 2482 1678 2533 Quid
1694 2483 1839 2524 ascitos
1853 2482 2021 2524 Tusciae

595 2586 632 2628 *J
656 2585 721 2618 Die
746 2584 947 2626 Nachricht,
973 2584 1053 2618 dass
1073 2584 1132 2618 der
1151 2584 1391 2628 Stadtpriifekt
1408 2584 1576 2617 verbannt
1593 2595 1746 2627 gewesen
1769 2584 1828 2626 661,
1854 2583 1940 2618 wird
1964 2583 2020 2618 be-

478 2631 605 2675 statigt
631 2630 739 2664 durch
754 2630 919 2674 Ragewin
935 2630 994 2672 IV,
1020 2642 1048 2665 c.
1075 2633 1118 2664 49
1145 2630 1185 2674 (s.
1211 2641 1262 2664 nr.
1287 2629 1483 2671 XXXVIII,
1507 2629 1682 2664 Vorletzte
1701 2629 1886 2671 Anmerk.).
1924 2629 2022 2664 011116

478 2677 613 2711 Zweifel
638 2687 708 2711 war
733 2677 789 2710 die
805 2676 1036 2720 Vertreibung
1061 2676 1120 2709 des
1138 2675 1419 2720 Stadtprasekten
1450 2675 1523 2709 eine
1539 2674 1644 2719 Folge
1669 2676 1728 2709 der
1744 2675 2022 2719 Hinriehtungen

478 2723 538 2757 des
576 2723 700 2757 Jahres
741 2726 838 2757 1155.
875 2742 918 2747 -—
956 2722 1055 2756 Nach
1098 2722 1158 2756 der
1196 2722 1296 2756 Aetio
1334 2721 1459 2765 Synodi
1502 2732 1613 2755 waren
1649 2722 1704 2756 die
1739 2721 1921 2765 Vorgenge
1957 2732 2021 2756 von

479 2769 637 2804 Cisterna
661 2769 721 2803 der
745 2768 878 2812 Synode
903 2769 1056 2802 bekannt
1080 2768 1186 2802 durch
1221 2768 1283 2801 (las
1310 2767 1456 2812 Zeugnis
1497 2767 1557 2800 des
1580 2767 1754 2801 Johannes
1791 2767 1833 2802 de
1855 2767 2021 2809 Romano,

477 2815 544 2895 ‹Ilssn
569 2815 618 2849 sie
644 2815 826 2895 6116111061ῗ
850 2815 986 2893 Ζ6υὲ6ἕ
1009 2814 1132 2885 Ι11161111·
1162 2814 1314 2848 anfiihrt.
1354 2813 1407 2857 **)
1432 2807 1524 2846 Uber
1547 2813 1710 2847 Wilhelm
1735 2825 1799 2848 von
1814 2813 1930 2859 >Pavia
1953 2813 2020 2857 vgl.

530 2864 606 2895 uter
630 2872 660 2896 a.
687 2872 716 2895 a.
776 2889 783 2895 .
829 2863 930 2903 ,509
983 2887 1015 2894 ..
