2098 3432
445 284 501 326 48

446 395 647 448 peditione
693 408 767 436 sua
810 395 923 448 regni
966 396 1137 437 voluerit
1180 396 1400 437 exercitum
1442 398 1695 450 praevenire,
1743 398 1978 441 nullatenus

449 451 620 498 audeat;
653 453 693 492 et
722 451 755 492 si
786 464 809 492 a
837 452 953 492 nobis
982 452 1154 493 missum
1185 465 1227 493 se
1258 451 1432 502 simulet,
1462 465 1542 494 non
1571 455 1633 494 est
1658 466 1815 501 verum3
1846 456 1918 496 aut
1945 455 1980 496 si

445 507 634 548 ostendat
663 507 819 548 litteras
858 509 1056 560 tanquam
1087 520 1110 548 a
1138 509 1252 549 nobis
1283 507 1420 556 datas,
1459 509 1528 550 sed
1559 509 1720 550 omnino
1748 509 1891 558 falsas,
1929 523 1979 552 ne

446 563 578 604 dicam
615 563 784 604 furtivas
824 576 911 604 esse
952 563 1107 604 dicatis.
1164 564 1282 605 Viros
1321 563 1528 606 bellicosos
1575 566 1616 606 et
1653 577 1800 617 gnaros
1829 565 1980 607 talium

446 619 567 660 duces
598 619 743 672 eligere
773 621 836 660 est
865 621 906 660 et
941 619 1063 660 simul
1093 620 1287 672 proficisci
1318 619 1537 661 exercitum
1551 621 1726 670 Domini,
1755 623 1803 662 ut
1830 621 1980 674 ubique

446 675 593 716 habeat
629 675 751 716 robur
789 677 829 716 et
863 688 944 716 non
984 676 1113 728 possit
1152 688 1176 716 a
1213 675 1460 728 quibuslibet
1499 676 1731 718 violentiam
1769 677 1980 719 sustinere.

446 731 541 772 Fuit
571 731 677 771 enim
706 731 749 771 in
778 731 900 784 priori
931 731 1195 785 expeditione,
1235 733 1454 784 antequam
1482 732 1730 785 Ierosolyma
1759 736 1980 786 caperetur,

446 787 505 827 vir
535 787 711 839 quidam,
741 787 889 828 Petrus
918 787 1097 836 nomine,
1129 788 1243 829 cuius
1274 791 1314 828 et
1343 800 1424 837 vos,
1454 788 1533 829 nisi
1561 788 1689 838 fallor,
1719 801 1838 843 saepe
1867 801 1980 831 men-

445 843 596 884 tionem
621 843 802 884 audistis.
846 843 887 884 Is
907 844 1114 896 populum,
1145 844 1214 896 qui
1243 843 1319 884 sibi
1348 843 1582 894 crediderat,
1612 845 1744 886 solum
1773 857 1867 887 cum
1895 845 1980 887 suis

443 899 632 940 incedens
662 899 788 940 tantis
818 899 1004 952 periculis
1029 899 1150 949 dedit,
1180 904 1227 940 ut
1255 903 1326 940 aut
1346 900 1448 940 nulli
1479 902 1552 941 aut
1579 901 1813 954 paucissimi
1841 913 1980 943 eorum

444 955 660 1003 evaserint,
700 955 769 1007 qui
807 968 887 996 non
925 956 1151 997 corruerint
1188 958 1260 996 aut
1299 955 1405 996 fame
1450 958 1522 996 aut
1559 956 1703 1008 gladio.
1760 956 1980 1011 Propterea

444 1011 606 1052 omnino
639 1011 864 1052 timendum
896 1013 978 1060 est,
1017 1012 1051 1052 si
1081 1011 1265 1053 similiter
1294 1013 1335 1052 et
1363 1024 1433 1053 vos
1463 1012 1654 1062 feceritis,
1690 1025 1742 1054 ne
1771 1013 1980 1066 contingat

444 1071 484 1108 et
508 1067 619 1108 vobis
644 1067 839 1108 similiter.
884 1067 1001 1118 Quod
1027 1069 1184 1108 avertat
1215 1081 1238 1109 a
1267 1068 1378 1109 vobis
1399 1068 1522 1117 Deus,
1553 1068 1623 1121 qui
1651 1070 1714 1110 est
1742 1068 1978 1112 benedictus

442 1124 484 1164 in
514 1123 687 1165 saecula.
742 1125 886 1165 Amen.

447 1299 576 1355 xvnl.
622 1300 783 1356 Konrad
818 1302 883 1356 ΙΙΙ.
923 1318 976 1358 an
1010 1303 1144 1370 lingon
1181 1303 1245 1358 ΙΙΙ.
1279 1303 1381 1358 iiber
1415 1302 1480 1357 die
1512 1301 1626 1358 wahl
1661 1303 1796 1358 seinos
1829 1304 1981 1360 Selinos

607 1378 687 1432 111111
724 1379 862 1433 seincn
898 1379 1135 1435 Entscliluss
1167 1395 1257 1435 zum
1293 1379 1553 1447 Kreuzzugo,
1579 1380 1690 1436 Marz
1723 1380 1828 1436 1147.

627 1462 793 1506 (Wibaldi
818 1463 994 1508 Epistolae
1019 1475 1069 1498 nr.
1087 1468 1150 1507 33;
1174 1463 1273 1506 Jaffe,
1299 1464 1514 1499 Bibliotheca
1538 1465 1566 1507 I,
1591 1464 1625 1500 S.
1653 1467 1715 1500 111
1741 1465 1782 1510 f.)

554 1536 827 1578 Dilectissimo
855 1538 898 1578 in
919 1538 1079 1580 Christo
1109 1539 1215 1592 patri
1244 1552 1316 1580 suo
1337 1539 1551 1593 E(ugenio)
1582 1542 1745 1582 sanctae
1772 1540 1979 1582 Romanae

442 1593 656 1634 aecclesiae
687 1607 847 1634 summo
876 1595 1054 1647 pontifici
1085 1594 1328 1648 C(onradus)
1349 1596 1425 1636 Dei
1455 1597 1587 1648 gratia
1605 1597 1883 1638 Romanorum
1910 1609 1979 1638 rex

444 1651 484 1690 et
505 1661 665 1702 semper
685 1653 884 1702 augustus
914 1650 1082 1691 filialem
1110 1663 1182 1705 per
1211 1652 1347 1692 omnia
1375 1652 1631 1694 dilectionem
1661 1655 1703 1694 et
1731 1652 1910 1694 debitam
1937 1652 1979 1694 in

441 1705 615 1746 Domino
645 1706 922 1747 reverentiam.

551 1762 728 1803 Litteras
749 1762 976 1803 sanctitatis
998 1765 1156 1804 vestrae
1176 1775 1248 1816 per
1267 1764 1450 1816 legatum
1470 1766 1663 1812 vestrum,
1685 1764 1817 1806 virum
1837 1765 1978 1818 utique

439 1818 554 1859 nobis
584 1831 678 1858 cum
708 1819 816 1859 omni
847 1818 1059 1860 dilectione
1081 1820 1290 1861 ethonore
1310 1821 1613 1870 nominandum,
1643 1820 1978 1874 T(heodevinum)

441 1877 604 1915 sanctae
635 1875 806 1915 Rufinae
837 1875 1069 1929 episcopum
1098 1876 1245 1916 missas
1276 1876 1505 1928 gratissime
1537 1877 1764 1930 accepimus
1794 1878 1845 1927 et,
1875 1889 1979 1930 quae

439 1930 480 1970 in
509 1930 607 1983 ipsis
638 1930 964 1979 continebantur,
1001 1931 1113 1972 filiali
1145 1934 1186 1973 et
1213 1932 1358 1973 intima
1387 1933 1559 1974 karitate
1591 1933 1640 1974 ad
1673 1932 1861 1974 effectum
1890 1946 1980 1988 per-

438 1986 637 2027 duximus.
698 1986 908 2039 Siquidem
944 1987 992 2028 de
1030 1988 1279 2029 ordinatione
1316 1989 1429 2041 regni
1467 1989 1581 2030 nobis
1619 2002 1642 2030 a
1671 1989 1757 2030 Deo
1787 1990 1978 2039 concessi,

438 2055 559 2096 super
588 2055 668 2095 qua
697 2055 770 2084 nos
799 2044 970 2095 paterna
999 2043 1267 2085 sollicitudine
1298 2057 1460 2086 monere
1491 2047 1532 2086 et
1561 2046 1763 2086 exhortari
1792 2046 1978 2095 curastis,

437 2111 586 2150 magna
625 2112 718 2139 cum
756 2098 979 2140 attentione
1018 2101 1058 2140 et
1088 2100 1297 2152 diligentia
1326 2100 1366 2141 in
1396 2101 1599 2153 frequenti
1628 2101 1857 2155 principum
1886 2114 1980 2144 con-

437 2157 559 2196 ventu
590 2155 697 2208 apud
727 2155 1047 2204 Frankenevort,
1077 2156 1147 2197 ubi
1177 2157 1407 2208 generalem
1437 2157 1591 2198 curiam
1620 2157 1864 2207 habuimus,
1894 2160 1980 2199 stu-

436 2211 545 2252 diose
589 2213 629 2252 et
673 2210 887 2252 efficaciter
926 2211 1011 2252 Deo
1055 2214 1263 2264 prestante
1302 2213 1586 2263 tractavimus,
1631 2213 1896 2267 ordinataque
1938 2215 1980 2255 et

435 2268 598 2308 firmata
641 2267 844 2308 communi
887 2279 960 2320 per
1003 2280 1143 2309 omnes
1186 2268 1298 2321 regni
1343 2269 1471 2310 nostri
1513 2271 1650 2322 partes
1696 2269 1824 2311 solida
1866 2282 1977 2324 pace,

436 2323 566 2364 filium
595 2326 781 2364 nostrum
802 2323 1037 2364 Heinricum
1066 2324 1109 2364 in
1138 2337 1277 2377 regem
1307 2326 1347 2366 et
1376 2325 1522 2378 sceptri
1552 2326 1679 2367 nostri
1709 2338 1980 2368 successorem

437 2379 622 2420 unanimi
668 2379 897 2433 principum
955 2379 1215 2421 coniventiafl)
1260 2382 1300 2421 et
1351 2381 1471 2422 alacri
1522 2381 1646 2423 totius
1691 2382 1806 2435 regni
1854 2382 1981 2424 accla-

437 2436 614 2477 matione
645 2437 829 2485 electum,
859 2435 1063 2477 mediante
1083 2437 1159 2477 hac
1189 2437 1499 2489 quadragesima
1519 2438 1601 2491 (30.
1621 2438 1749 2488 Marz)
1767 2438 1810 2479 in
1829 2438 1979 2492 palatio

436 2492 682 2545 Aquisgrani
698 2504 898 2541 coronare,
907 2491 1043 2533 divina
1052 2495 1247 2546 preeunte
1257 2493 1540 2543 misericordia,
1556 2494 1862 2549 decrevimus.*)
1874 2494 1979 2536 Sane

555 2633 589 2673 a)
615 2642 652 2665 so
677 2632 725 2665 ist
749 2631 785 2665 in
811 2632 871 2665 der
895 2631 1125 2666 Handschrift
1150 2633 1258 2666 selbst
1282 2644 1344 2666 aus
1367 2633 1602 2667 convenientia
1625 2634 1816 2678 korrigiert.

559 2678 590 2719 *)
615 2677 682 2711 Die
706 2677 809 2711 Wahl
843 2678 925 2712 fand
957 2679 1123 2712 zwischen
1156 2679 1232 2712 (lem
1267 2682 1318 2714 13.
1345 2691 1377 2714 11.
1404 2682 1457 2714 23.
1483 2679 1577 2713 Marz
1606 2682 1692 2715 1147
1727 2682 1827 2715 statt.
1881 2680 1980 2715 Nach

438 2723 535 2758 Cont.
563 2724 695 2758 Gembl.
721 2724 782 2766 (M.
811 2723 851 2758 G.
878 2724 912 2758 S.
937 2724 970 2759 S.
997 2724 1064 2767 VI,
1098 2728 1180 2767 389)
1214 2736 1284 2759 war
1317 2725 1379 2759 das
1403 2725 1513 2760 Motiv
1538 2725 1697 2760 Konrads
1719 2726 1775 2760 fiir
1799 2726 1853 2761 dio
1875 2726 1980 2760 wahl

439 2780 470 2804 u.
497 2769 663 2813 Kronimg
687 2769 796 2804 seinos
820 2770 966 2804 Sohnes:
993 2782 1056 2812 „ne
1080 2773 1158 2815 post
1183 2771 1356 2805 decessum
1383 2783 1481 2805 suum
1507 2783 1650 2814 regnum
1675 2772 1804 2817 absque
1829 2772 1980 2818 principe

435 2819 624 2850 remaneret
639 2819 674 2850 et
691 2816 806 2861 aliqua
823 2827 935 2850 rerum
952 2817 1163 2861 perturbatio
1180 2820 1403 2852 inoveretur.“
1434 2818 1603 2852 Heinrich
1619 2819 1696 2862 geb.
1717 2821 1816 2861 1137,
1842 2820 1861 2860 †
1881 2821 1978 2853 1150.

432 2861 643 2896 Unerwahnt
674 2862 783 2897 bleibt
820 2863 875 2897 die
908 2862 1119 2908 Einsetzung
1155 2863 1214 2898 des
1246 2863 1462 2898 Erzbischofs
1495 2875 1524 2900 v.
1553 2863 1668 2899 Mainz
1704 2864 1756 2899 als
1788 2864 1980 2900 faktischen
