2098 3432
399 278 452 318 86

395 389 531 430 dicum
568 389 609 429 et
646 387 816 428 aliorum
843 399 1074 440 procerum,
1107 387 1186 427 hac
1215 385 1375 426 edictali
1405 385 1494 437 lege
1523 384 1608 425 Deo
1637 384 1810 438 propitio
1839 397 1933 438 per-

396 446 518 498 petuo
537 444 716 485 valitura
735 443 951 492 sancimus,
980 444 1028 482 ut
1056 442 1159 482 nulli
1187 442 1308 481 liceat
1336 440 1503 481 feudum
1531 442 1666 481 totum
1684 441 1747 482 vel
1774 442 1934 494 partem

402 501 581 552 aliquam
610 499 782 540 vendere
813 499 876 540 vel
905 498 1176 551 impignorare
1207 497 1270 538 vel
1300 509 1459 548 quoquo
1489 496 1608 537 modo
1636 496 1821 546 alienare,
1851 496 1939 538 sine

401 555 664 610 permissione
700 554 810 595 illius
847 554 999 595 domini
1039 554 1090 594 ad
1132 565 1255 606 quem
1290 551 1459 592 feudum
1493 553 1672 605 spectare
1703 552 1937 594 dinoscitur.

401 612 520 654 Unde
540 612 760 664 imperator
779 610 966 651 Lotarius
988 613 1150 650 tantum
1170 610 1213 650 in
1231 608 1369 649 futuro
1390 619 1544 657 cavens,
1574 620 1625 648 ne
1653 608 1778 658 fieret,
1805 607 1939 660 legem

399 666 682 722 promulgavit.
749 666 834 707 Nos
874 669 1011 707 autem
1053 665 1102 706 ad
1141 664 1362 718 pleniorem
1398 663 1512 716 regni
1548 663 1768 705 utilitatem
1805 664 1938 717 provi-

399 725 559 772 dentes,
588 735 669 764 non
700 723 831 763 solum
862 723 904 762 in
932 725 1141 774 posterum
1172 720 1243 761 sed
1273 719 1395 760 etiam
1425 731 1563 760 omnes
1593 719 1826 761 huiusmodi
1855 719 1936 760 illi-

399 780 497 821 citas
547 778 809 820 alienationes
854 779 1050 818 hactenus
1094 777 1346 830 perpetratas
1390 776 1467 816 hac
1506 775 1684 828 presenti
1729 775 1962 817 sanctione*

399 847 606 877 cassamus
645 836 685 876 et
722 834 763 874 in
791 834 952 874 irritum
982 833 1219 874 deducimus
1234 864 1243 882 ‚
1282 831 1395 872 nulla
1424 831 1615 884 temporis
1644 831 1933 885 prescriptione

398 891 663 945 impediente;
696 890 791 942 quia
821 890 929 942 quod
959 890 1008 930 ab
1036 889 1152 930 initio
1183 888 1230 929 de
1260 887 1347 928 iure
1376 900 1457 928 non
1481 887 1627 936 valuit,
1665 889 1800 928 tractu
1830 890 1936 928 tem-

398 947 505 1001 poris
527 947 801 988 convalescere
821 959 902 986 non
932 945 1060 986 debet.
1110 944 1276 986 Callidis
1306 943 1470 996 insuper
1501 943 1755 995 quorundam
1786 943 1960 984 machi--

396 1003 627 1045 nationibus
656 1003 875 1051 obviantes,
905 1002 974 1054 qui
1004 1001 1131 1054 pretio
1163 1002 1324 1053 accepto
1356 999 1471 1052 quasi
1502 999 1576 1040 sub
1607 999 1735 1040 colore
1765 998 1930 1040 investi-

397 1062 487 1100 ture
509 1072 631 1111 quam
653 1058 727 1099 sibi
746 1058 866 1099 licere
887 1057 1037 1106 dicunt,
1066 1056 1187 1098 feuda
1206 1055 1388 1098 vendunt
1408 1056 1448 1096 et
1468 1055 1519 1095 ad
1539 1054 1637 1096 alios
1668 1054 1929 1104 transferunt,

395 1128 446 1156 ne
484 1116 564 1156 tale
600 1115 841 1167 figmentum
889 1114 950 1154 vel
989 1113 1099 1154 aliud
1136 1112 1306 1153 ulterius
1344 1111 1386 1152 in
1423 1110 1608 1151 fraudem
1636 1111 1759 1152 huius
1790 1113 1925 1152 nostre

397 1170 694 1213 constitutionis
725 1171 991 1222 excogitetur‚
1022 1169 1208 1210 omnibus
1239 1167 1369 1208 modis
1399 1167 1682 1220 prohibemus,
1711 1178 1817 1220 pena
1847 1178 1940 1208 auc-

399 1227 562 1268 toritate
592 1228 731 1267 nostra
759 1225 1006 1273 imminente,
1037 1227 1084 1266 ut
1112 1224 1296 1266 venditor
1326 1225 1367 1264 et
1397 1223 1556 1276 emptor
1585 1222 1655 1275 qui
1684 1223 1771 1264 tam
1801 1222 1940 1264 illicite

398 1283 644 1324 contraxisse
687 1282 835 1335 reperti
878 1281 1051 1330 fuerint,
1095 1280 1263 1322 feudum
1303 1278 1510 1328 amittant,
1557 1281 1597 1319 et
1637 1278 1688 1319 ad
1727 1278 1938 1320 dominum

397 1339 522 1380 libere
552 1339 788 1380 revertatur.
849 1337 987 1378 Scriba
1014 1349 1107 1378 vero
1141 1336 1210 1389 qui
1240 1347 1362 1389 super
1392 1335 1468 1376 11οο
1496 1334 1821 1376 instrumentum
1850 1347 1943 1376 con-

403 1395 619 1448 scripserit,
658 1395 750 1447 post
789 1394 1050 1434 amissionem
1090 1392 1208 1434 officii
1248 1404 1341 1433 011111
1370 1391 1537 1432 infamie
1566 1391 1745 1444 periculo
1774 1402 1943 1431 manum

405 1451 576 1492 amittat.
634 1450 827 1490 Preterea
864 1449 898 1490 si
928 1449 1019 1501 quis
1049 1448 1286 1489 infeudatus
1316 1460 1391 1488 sua
1418 1446 1575 1487 incuria
1603 1447 1668 1487 vel
1695 1446 1944 1500 negligentia

402 1519 473 1561 per
514 1519 669 1547 annum
706 1507 746 1546 et
785 1506 893 1546 diem
930 1504 1089 1546 steterit
1129 1504 1236 1557 quod
1274 1503 1384 1544 feudi
1420 1503 1704 1543 investituram
1733 1515 1758 1543 a
1783 1501 1943 1556 proprio

405 1563 567 1604 domino
599 1575 679 1603 non
708 1561 880 1615 petierit,
910 1562 1115 1602 transacto
1144 1561 1221 1601 hoc
1250 1560 1380 1613 spatio
1410 1558 1579 1599 feudum
1608 1559 1772 1599 amittat
1781 1590 1792 1608 ,
1822 1561 1863 1599 et
1893 1558 1941 1599 ad

402 1620 612 1660 dominum
634 1618 785 1659 redeat.
806 1617 1056 1658 Firmiter
1076 1617 1236 1658 etiam
1266 1615 1554 1656 statuimus
1583 1615 1766 1656 tamin
1784 1614 1947 1655 Italia

402 1687 553 1728 quam
591 1675 643 1715 in
682 1673 1008 1722 Alemannia‚
1053 1674 1112 1713 ut
1156 1673 1450 1724 quicunque
1493 1670 1701 1711 indicta
1736 1670 1946 1724 publice

401 1744 493 1784 exp
507 1730 734 1771 editione
787 1730 1012 1770 Romana
1066 1728 1123 1769 ad
1174 1740 1257 1769 sus
1271 1727 1562 1781 cipiendam
1606 1726 1815 1780 imperii
1867 1739 1947 1767 co-

399 1800 589 1836 ronam,
626 1799 683 1827 vo
697 1788 843 1827 catus
883 1798 906 1826 a
946 1785 1056 1825 dom
1070 1784 1156 1826 ino
1194 1796 1282 1825 suo
1318 1785 1368 1824 in
1408 1783 1578 1824 eadem
1618 1782 1946 1836 expeditione

399 1844 570 1896 spatio
601 1855 622 1883 0
637 1855 745 1895 omp
759 1842 927 1882 etenti
957 1842 1153 1882 temere
1183 1840 1381 1881 servire
1412 1838 1806 1892 supersederit,
1834 1837 1944 1879 feu-

402 1900 519 1940 dum
559 1898 694 1951 quod
733 1899 792 1938 ab
832 1897 1071 1951 episcopo
1110 1897 1194 1937 vel
1233 1897 1291 1936 ab
1331 1895 1434 1936 alio
1465 1895 1672 1936 domino
1699 1894 1947 1936 habuerit

404 1956 637 2004 amittat,
682 1956 729 1995 et
773 1954 1011 1995 dominus
1050 1953 1193 1993 feudi
1238 1952 1289 1992 in
1327 1965 1455 1993 usus
1489 1963 1603 1993 suos
1641 1950 1774 1992 illud
1810 1949 1946 1992 redi-

405 2025 503 2065 gen
517 2012 565 2052 di
596 2010 902 2052 omnimodis
930 2010 1150 2050 liberam
1179 2009 1365 2050 habeat
1393 2008 1718 2049 facultatem.

524 2067 632 2108 Data
668 2066 889 2107 Runcaliae
927 2078 999 2119 per
1035 2077 1203 2106 manum
1235 2064 1429 2106 Everardi
1458 2064 1806 2116 Bavenbergensis
1843 2062 1948 2116 cpis-

408 2124 495 2178 copi
526 2125 563 2164 5.
593 2123 658 2164 die
687 2122 922 2163 Decembris
955 2123 974 2162 1
984 2123 1074 2161 154.
1106 2121 1243 2162 indict.
1274 2122 1313 2162 3.

495 2338 618 2393 ΧΧΧΙ.
657 2338 901 2394 Constitutio
935 2337 1111 2392 lineatus
1143 2336 1346 2400 lustriae,
1381 2336 1439 2390 17.
1477 2335 1711 2404 September
1745 2335 1852 2390 11511.

525 2432 623 2476 [Otto
648 2432 735 2466 Fris.
762 2431 870 2466 Gesta
893 2431 929 2464 II
938 2459 945 2473 ‚
977 2442 1004 2465 0.
1033 2434 1094 2465 55;
1131 2430 1314 2464 Heinricus
1338 2430 1448 2464 maior
1470 2431 1556 2463 natu
1581 2429 1744 2464 ducatum
1767 2429 1948 2464 Baioariae

410 2491 426 2514 s
435 2491 453 2514 0
462 2490 484 2523 p
492 2481 531 2512 te
540 2490 574 2512 m
604 2490 627 2523 p
636 2489 654 2512 0
664 2489 681 2512 1·
716 2490 735 2511 v
745 2489 762 2512 e
771 2478 835 2511 xil
848 2478 889 2511 la
920 2476 1118 2521 imperatori
1150 2476 1348 2519 resignavit.
1398 2475 1529 2517 Quibus
1552 2475 1675 2510 minori
1699 2475 1840 2510 traditis
1850 2503 1858 2518 ,
1890 2475 1949 2509 ille

410 2526 542 2560 duobus
573 2525 679 2569 [cum]
715 2524 847 2558 vexillis
872 2523 1057 2557 marchiam
1084 2522 1293 2557 Orientalem
1318 2534 1336 2556 0
1346 2533 1367 2556 11
1376 2533 1410 2556 111
1444 2533 1461 2555 0
1473 2533 1491 2555 0
1500 2522 1583 2556 mit
1591 2523 1634 2556 at
1642 2521 1655 2556 i
1663 2522 1685 2556 b
1696 2533 1718 2556 u
1727 2533 1744 2556 s
1774 2521 1826 2556 ad
1856 2532 1875 2555 e
1885 2532 1905 2555 a
1914 2532 1948 2555 m

406 2584 424 2606 0
436 2584 458 2606 x
488 2571 647 2616 antiqu
657 2581 676 2604 o
709 2581 732 2615 p
742 2581 786 2604 er
797 2570 862 2604 tin
873 2581 920 2603 en
931 2571 948 2603 t
958 2569 1031 2603 ibn
1043 2580 1058 2602 s
1090 2568 1252 2603 reddidit.
1301 2568 1431 2602 Exinde
1465 2568 1506 2602 de
1537 2567 1655 2602 eadem
1688 2567 1841 2602 marchia
1871 2577 1949 2601 cum

408 2617 594 2664 praedictis
628 2616 848 2651 comitatibus
859 2644 866 2658 ,
901 2627 923 2660 q
932 2627 954 2649 u
966 2627 984 2649 o
995 2626 1011 2648 s
1042 2617 1059 2648 t
1069 2626 1085 2648 r
1095 2626 1135 2649 es
1167 2615 1206 2648 di
1217 2626 1264 2648 cu
1274 2626 1296 2648 n
1307 2615 1374 2657 t,*)
1404 2614 1530 2648 iudicio
1560 2613 1752 2659 principum
1786 2613 1949 2647 ducatum

407 2665 489 2699 fecit
519 2674 662 2708 eumque
691 2673 758 2696 non
790 2662 900 2696 solum
925 2661 991 2696 sibi
1002 2689 1010 2704 ‚
1044 2661 1104 2695 sed
1130 2663 1170 2695 et
1203 2672 1276 2694 uxo
1286 2660 1324 2694 ri
1355 2671 1432 2694 cum
1465 2660 1575 2694 duob
1585 2671 1607 2694 u
1618 2671 1634 2694 s
1666 2659 1851 2694 vexillis
1877 2660 1949 2693 tra·

529 2768 559 2808 *)
584 2766 683 2801 Nach
707 2766 832 2810 Heigel
856 2778 888 2801 u.
914 2765 1066 2807 Riezle1·‚
1091 2765 1164 2798 Das
1187 2764 1398 2807 Herzogtum
1420 2763 1557 2808 Bayern
1582 2774 1641 2797 zur
1665 2763 1740 2798 Zeit
1761 2763 1945 2798 Heinrichs

412 2816 444 2850 d.
469 2814 506 2849 L.
532 2825 565 2848 u.
584 2812 686 2848 Ottos
701 2813 728 2847 I.
755 2812 788 2847 S.
808 2815 967 2847 217—25
991 2823 1024 2846 u.
1041 2811 1185 2854 Riezler,
1211 2809 1416 2845 Geschichte
1441 2810 1594 2853 Bayerns
1609 2809 1638 2851 I,
1663 2812 1729 2844 663
1754 2809 1833 2844 sind
1858 2809 1950 2844 diese

413 2861 484 2895 drei
511 2859 768 2894 Grafschaften:
795 2858 1050 2902 Schauenburg,
1074 2856 1366 2899 Wels-Lambach‚
1391 2855 1698 2900 Peugen-Rebgau.
