2098 3432
1644 226 1703 266 27

36 301 38 305 .
82 266 123 297 §²¹

75 307 88 318 '0

0 357 1 360 ¹
51 361 53 363 ·
81 367 106 395 ι.
87 320 316 393 fflelicet
344 340 625 382 Romanorum
667 338 955 394 imperatores,
995 342 1276 382 antecessores
1305 339 1457 390 nostri,
1498 338 1548 381 ad
1594 342 1709 381 ante-

38 404 42 411 '
82 416 108 435 s
102 407 312 454 ,8988οι88
343 398 526 447 vestros,
566 395 723 438 scilicet
758 409 935 451 regnum
967 398 1009 438 et
1038 396 1239 451 populum
1280 396 1527 446 Grecorum,
1558 396 1710 438 consti-

234 472 239 490 ·
263 456 311 505 ·t,
342 453 563 504 constituo,
593 454 636 495 et
656 453 766 495 sicut
785 455 1066 503 servaverunt,
1097 454 1357 495 conservabo.
1386 453 1481 496 Non
1503 455 1567 495 est
1597 465 1710 506 gens,

99 514 133 547 xv.
154 559 158 571 J
189 519 250 551 ‘m
275 530 294 549 u
327 513 401 554 aut
419 510 610 566 populus,
631 510 702 564 qui
722 523 805 553 non
825 511 997 560 noverit,
1016 512 1183 553 nostrae
1204 511 1417 553 Romanae
1439 510 1500 552 rei
1520 510 1708 565 publicae

169 601 196 606 .,
298 567 506 611 Novam
543 567 723 610 Romam
761 569 805 610 et
839 568 918 610 dici
961 569 1004 610 et
1032 567 1119 610 fore
1148 568 1297 617 filiam,
1338 581 1386 610 ex
1416 567 1542 610 huius
1572 567 1708 610 radice

58 654 62 656 -
108 586 226 693 {A
192 602 227 657 ff
231 644 261 663 ³:
296 626 341 668 et
359 625 520 668 fructus
551 624 638 667 eius
658 625 934 680 processisse,
964 627 1134 680 propter
1154 625 1263 678 quod
1286 625 1570 675 hereditatem,
1601 637 1707 678 quae

29 701 32 708 ·
79 699 82 701 “
147 691 224 747 553
299 682 516 725 debetur
543 681 664 732 filiae,
702 683 996 725 constituimus
1027 685 1322 736 aeternamque
1353 683 1558 748 volumus,
1589 686 1631 724 et
1660 694 1706 724 eo

100 759 229 806 111
240 701 321 790 tius,
357 739 480 794 quod,
511 751 617 793 quae
647 740 772 782 matri
802 739 987 790 debetur,
1015 739 1146 782 filiam
1165 740 1271 782 velle
1301 740 1520 789 cernimus,
1551 739 1708 781 scilicet

207 829 209 833 ,
235 816 239 833 1
261 802 277 835 ἰ
303 797 424 840 mites
445 799 640 839 materna
668 797 854 851 precinat
884 796 1064 848 consilio,
1096 796 1258 847 auxilio,
1287 796 1536 863 respondeat
1565 798 1707 839 autem

119 854 139 863 '²
288 857 332 897 et
359 854 515 896 honore
546 853 747 896 filiastina
777 853 952 897 dilectio.
1000 853 1093 897 Sint
1125 867 1222 918 ergo
1251 866 1318 896 res
1347 854 1567 908 utriusque
1597 866 1708 896 com-

126 911 217 981 ,1111
240 931 268 949 ›·
314 911 538 965 utriusque
570 911 731 954 amicus
762 911 886 962 idem,
916 911 1027 954 idem
1056 911 1260 962 inimicus,
1290 912 1376 954 sive
1407 911 1450 953 in
1480 914 1592 953 terra
1621 912 1707 954 sive

172 966 332 1022 ,.’“ππί,
368 971 411 1012 et
450 971 671 1023 cognoscat
709 981 757 1011 ac
795 969 943 1011 timeat
980 969 1126 1011 matris
1166 969 1366 1011 virtutem
1397 972 1438 1011 et
1468 968 1705 1018 valentiam,

184 1037 311 1089 jaon
339 1025 604 1069 honoraverit
631 1025 780 1076 filiam,
819 1026 932 1069 sive
962 1026 1303 1069 Normannus
1343 1027 1450 1069 sive
1482 1026 1705 1068 Siculus

260 1095 329 1127 ms
356 1083 462 1126 alter
492 1082 746 1149 quicumque
778 1083 1039 1150 ubicumque.
1089 1083 1238 1138 Neque
1270 1083 1381 1125 enim
1413 1083 1530 1126 obliti
1561 1096 1706 1125 sumus

156 1188 185 1197 ,
182 1092 322 1196 k
375 1140 441 1183 vel
475 1141 700 1207 principes
752 1141 914 1196 imperii
958 1140 1091 1184 nostri
1139 1153 1425 1207 quoscumque
1470 1141 1706 1183 hostium

39 1230 42 1234 Δ
97 1192 430 1243 *seffora-
472 1198 721 1240 incursus
763 1198 848 1240 vel
887 1198 1200 1240 invasiones
1240 1198 1292 1240 in
1332 1197 1615 1254 imperium
1655 1201 1706 1239 et

212 1254 590 1322 gnificeJntitm
620 1255 918 1298 Romanam.
969 1255 1050 1298 Sed
1072 1269 1166 1298 cum
1189 1255 1328 1298 divina
1358 1256 1578 1298 clementia
1609 1256 1707 1297 sub-

231 1334 247 1349 υ
273 1344 284 1364 ,
321 1312 601 1355 retribuemus
636 1312 863 1367 unicuique
900 1313 1086 1368 ipsorum
1124 1313 1353 1355 secundum
1391 1313 1705 1355 multitudinem

224 1380 227 1381 ’
250 1385 299 1407 ιιι·
328 1369 530 1413 maliciae.
579 1369 748 1412 Videbit
768 1382 865 1424 ergo
886 1374 930 1412 et
961 1370 1103 1413 audiet
1132 1371 1330 1413 universa
1358 1383 1583 1424 regnorum
1613 1370 1707 1412 lati-

234 1458 248 1480 ,
285 1439 413 1482 quam
441 1426 553 1470 facili
583 1439 712 1469 manu
742 1431 1061 1483 prosternentur
1089 1428 1295 1478 latrones,
1337 1428 1420 1482 qui
1461 1429 1581 1470 insu
1596 1441 1706 1469 rre—

220 1486 318 1528 unt
345 1485 397 1528 in
427 1484 708 1550 utriusque
738 1484 952 1540 imperii
982 1485 1152 1528 nostri
1181 1486 1566 1535 monarchiam,
1607 1485 1706 1539 quia

237 1572 243 1579 ,
280 1561 283 1579 ι
308 1543 368 1585 te
397 1541 497 1592 Deo,
526 1542 559 1584 si
593 1541 680 1584 alas
711 1543 978 1593 excutiemus,
1010 1543 1178 1586 hostem
1209 1542 1332 1586 modo
1362 1543 1609 1585 volitantem
1640 1555 1706 1584 ca-

62 1598 201 1685 ,1ἒ,’1·>
207 1618 279 1637 ;ι.,;
325 1602 368 1642 et
409 1599 543 1642 cordis
581 1599 670 1642 eius
707 1600 1027 1643 eviscerabimus
1068 1600 1306 1651 audaciam,
1348 1613 1455 1654 quae
1483 1600 1606 1642 modo
1637 1613 1706 1641 ex-

199 1669 286 1700 ιιιι·
328 1659 471 1700 contra
515 1657 735 1711 utriusque
786 1657 947 1712 imperii
983 1659 1116 1700 nostri
1157 1658 1355 1700 honorem
1395 1661 1436 1700 et
1480 1658 1666 1711 gloriam.
1669 1657 1711 1711 *)

2 1759 3 1762 ,
44 1763 46 1766 ,
72 1718 109 1759 ἶ,
102 1701 431 1768 miramus
460 1714 589 1768 igitur
619 1727 726 1768 quae
756 1715 868 1757 iusta
898 1717 941 1758 et
971 1715 1208 1758 amicabilia
1238 1718 1338 1758 sunt
1369 1715 1421 1757 ad
1453 1728 1537 1762 vos,
1568 1715 1712 1757 eadem

64 1762 176 1826 ,ρξ”ῆ
227 1770 281 1815 ad
308 1782 396 1823 nos,
427 1773 469 1814 et
497 1773 615 1814 tanto
646 1772 894 1823 studiosius,
925 1776 1083 1827 quanto
1115 1785 1190 1828 per
1219 1773 1532 1827 coniugium**)
1563 1773 1714 1814 sororis

124 1826 418 1883 memmae
447 1829 632 1884 coniugis
664 1831 850 1881 nostrae,
887 1830 1167 1885 imperatricis
1199 1830 1391 1872 videlicet
1419 1830 1713 1880 nobilissimae,

168 1884 271 1931 filii
300 1886 364 1929 tui
394 1885 651 1930 confederati
683 1899 830 1930 sumus
861 1887 1146 1943 propinquius.

236 1940 397 1987 Verum
422 1945 522 1998 quia
550 1943 601 1986 de
631 1945 789 1987 nostris
825 1945 1085 2009 hylarescere
1117 1945 1378 1987 successibus
1409 1945 1640 1987 dilectionis
1672 1948 1715 1986 et

220 2051 230 2059 ,1
240 2000 354 2066 'tatis
382 2002 482 2044 tuae
518 2001 726 2044 credimus
759 2002 1066 2057 experientiam,
1104 2002 1202 2056 quid
1233 2006 1327 2057 post
1357 2002 1586 2044 discessum
1615 2015 1714 2056 pru-

221 2057 466 2101 naum-norm
514 2059 872 2114 apocrisiariorum
908 2061 1078 2102 tuorum
1118 2061 1159 2101 in
1201 2060 1383 2113 generali
1424 2064 1465 2101 et
1496 2060 1713 2114 sollempni

218 2114 344 2170 ;***)
371 2127 469 2158 cum
497 2116 703 2159 universis
735 2117 897 2172 imperii
926 2119 1062 2160 nostri
1095 2117 1349 2172 principibus
1380 2117 1606 2167 celebrata,
1647 2117 1712 2158 cui

79 2215 185 2259 {3⁶2
198 2223 223 2231 ’-
262 2204 313 2244 im
334 2206 564 2250 Mittelalter,
597 2207 632 2244 S.
663 2211 730 2244 155
755 2209 790 2244 ff.
839 2201 936 2243 Uber
962 2208 1018 2243 die
1053 2208 1128 2243 drei
1165 2207 1488 2244 Gesandtschaften
1522 2207 1712 2242 Johannes'

167 2254 327 2300 [88388.
349 2253 493 2300 Anfang
512 2235 614 2299 11'40‚
641 2257 673 2292 2.
692 2267 764 2300 ang
765 2256 818 2291 ek.
838 2255 937 2290 Ende
956 2258 1042 2291 1141
1072 2256 1157 2290 oder
1174 2255 1257 2291 Anf.
1281 2257 1382 2297 1142,
1410 2258 1443 2290 3.
1463 2255 1586 2299 angek.
1610 2257 1712 2297 1143)

87 2342 99 2365 ,1
93 2297 202 2354 ἢ,
223 2299 422 2338 ’Βοιπίιπᾱί
447 2313 479 2338 ιι.
505 2313 536 2337 a.
554 2300 596 2338 O.
622 2302 656 2338 S
677 2267 764 2338 265g
772 2303 808 2339 ff.
850 2303 966 2338 Unser
991 2302 1180 2338 Schreiben
1206 2302 1256 2338 ist
1281 2302 1338 2337 die
1362 2302 1527 2338 Antwort
1550 2301 1712 2336 Konrads

86 2346 435 2425 41888Κώ8818
460 2348 581 2384 zweite
599 2348 883 2386 Gesandtschaft
907 2350 980 2385 und
1007 2361 1071 2385 aus
1087 2350 1320 2395 Regensburg
1345 2349 1486 2384 datiert.
1528 2349 1609 2394 Vgl.
1636 2349 1714 2383 dar-

196 2392 471 2432 Gimbreeht
494 2396 650 2440 1V‚·202
676 2397 700 2433 f.
725 2409 759 2433 u.
786 2397 889 2432 Anm.
916 2409 948 2432 ιι.
976 2397 1176 2432 Bernhardi
1202 2397 1236 2432 S.
1264 2399 1333 2432 269
1360 2397 1395 2432 ff.

179 2467 181 2470 -
246 2442 281 2487 ⁸)
298 2441 546 2479 Gimbreeht:
574 2444 667 2488 „Mit
689 2444 823 2479 Unlust
846 2444 930 2479 liest
954 2456 1035 2479 man
1063 2444 1157 2480 diese
1181 2444 1405 2489 gedunsenen
1424 2443 1593 2487 Phrasen,
1620 2444 1713 2478 kann

167 2488 293 2527 lber
322 2489 390 2526 mit
421 2490 500 2526 dem
533 2472 646 2534 Τοίιο,
681 2491 747 2526 den
782 2491 1077 2538 Konstantinopel
1111 2503 1150 2527 so
1180 2491 1231 2526 ost
1263 2502 1375 2536 gegen
1411 2490 1474 2526 das
1499 2490 1711 2526 Abendland

246 2553 271 2567 --÷
294 2547 384 2583 agen
408 2537 522 2582 hatte,
547 2538 725 2574 vielleicht
749 2539 1029 2584 entschuldigen.
1033 2542 1053 2556 “
1097 2539 1152 2582 **)
1179 2538 1343 2574 Gemeint
1367 2538 1416 2572 ist
1441 2538 1496 2573 die
1522 2538 1552 2571 V
1561 2538 1716 2572 erlob-

237 2583 308 2620 mit
331 2583 393 2620 der
417 2583 612 2621 Schwester
637 2585 700 2621 der
714 2585 869 2631 Konigin
886 2586 959 2620 und
977 2585 1128 2621 Tochter
1145 2586 1206 2621 des
1225 2585 1354 2620 Grafen
1374 2583 1541 2620 Gebhard
1566 2597 1596 2621 v.
1616 2585 1711 2619 Sulz-

219 2646 227 2662 :
253 2629 398 2674 Bortha,
424 2631 486 2667 der
511 2634 672 2678 ερξῒοιειι
698 2633 862 2668 Kaiserin
880 2633 990 2668 Irene.
1030 2633 1210 2668 Johannes
1235 2633 1336 2667 hatto
1364 2632 1474 2666 durch
1500 2632 1594 2666 scine
1619 2634 1712 2666 erste

296 2695 298 2697 ·
336 2686 390 2709 ··'
440 2690 500 2714 um
536 2679 613 2715 eine
642 2680 839 2715 Prinzessin
874 2691 937 2715 aus
974 2680 1036 2715 der
1065 2680 1213 2715 Familie
1254 2680 1315 2714 des
1349 2679 1540 2714 deutschen
1575 2679 1710 2722 Konigs

225 2740 312 2756 ινιιι
353 2726 482 2770 regalis
512 2726 695 2780 sanguinis
727 2727 903 2773 puellam“
915 2734 924 2765 ι
960 2728 1016 2762 siir
1048 2727 1165 2762 seinen
1194 2727 1287 2761 Sohn
1314 2738 1384 2770 ang
1372 2726 1545 2766 Mehalten
1580 2727 1714 2761 woranf

78 2786 79 2791 ¹
113 2772 131 2787 ⁸
153 2787 174 2808 ι·
190 2774 214 2778 ’
256 2771 352 2808 =die
375 2772 484 2808 Hand
509 2773 622 2809 seiner
646 2773 868 2818 Schwagerin
895 2775 1026 2810 anbot.
1065 2774 1140 2817 ***)
1165 2739 1382 2813 Bernhardig',
1410 2773 1472 2808 der
1497 2774 1564 2808 mit
1590 2773 1706 2809 Giesc-

81 2822 99 2836 ’-
97 2812 254 2860 m
283 2819 340 2855 die
363 2820 674 2866 vorausgehenden
698 2821 819 2856 Worte
845 2822 907 2856 auf
930 2821 986 2856 (lie
1018 2823 1111 2856 erste
1144 2822 1220 2866 by.z
1248 2802 1526 2856 Gesandtschaft
1559 2821 1708 2857 bezieht

85 2896 91 2907 ,
90 2864 287 2931 Jmeht
308 2868 415 2902 nutet
439 2868 538 2903 curia
565 2867 632 2903 den
656 2868 851 2913 Reichstag
875 2880 916 2903 zu
942 2868 1134 2903 Frankfurt
1161 2870 1263 2904 1140.

90 1009 94 1012 J
115 1016 182 1039 z*
