2098 3432
453 303 537 343 100

566 415 628 453 14.
649 413 780 454 Nemo
801 413 904 454 retia
925 425 999 454 sua
1020 413 1091 453 aut
1109 413 1277 464 laqueos
1299 415 1371 453 aut
1391 413 1470 454 alia
1491 414 1695 466 quaelibet
1713 415 1988 456 instrumenta

451 469 499 509 ad
518 469 731 522 capiendas
747 470 979 510 venationes
995 469 1147 517 tendat,
1168 469 1244 509 nisi
1262 469 1310 509 ad
1328 482 1454 519 ursos,
1477 482 1604 523 aprOS,
1623 471 1740 524 lupos
1761 470 1986 523 capiendos.

568 527 629 565 15.
659 525 722 565 Ad
741 525 939 578 palatium
963 525 1123 566 comitis
1143 525 1282 564 nullus
1302 525 1418 565 miles
1440 525 1562 566 ducat
1583 539 1705 575 arma,
1724 526 1802 567 nisi
1820 529 1986 579 rogatus

450 593 474 620 a
489 581 646 621 comite.
676 581 833 622 Publici
847 581 1025 622 latrones
1042 582 1083 621 et
1103 580 1271 621 convicti
1293 581 1461 633 antiqua
1481 581 1754 635 dampnentur
1774 582 1984 623 sententia.

567 638 629 676 16.
673 636 929 689 Quicumque
970 636 1220 678 advocatiam
1251 649 1368 677 suam
1398 637 1461 678 vel
1491 638 1601 678 aliud
1631 637 1838 690 quodlibet
1865 638 1986 680 bene-

450 692 587 732 ficium
615 692 797 733 inornate
828 693 1070 741 tractaverit,
1102 694 1142 732 et
1163 704 1187 732 a
1216 692 1376 733 domino
1406 706 1478 734 suo
1510 694 1755 734 ammonitus
1784 693 1916 743 fuerit,
1947 696 1988 734 et

448 761 529 788 non
549 748 774 801 resipuerit,
794 749 835 788 in
858 761 932 789 sua
946 760 1208 802 perseverans
1231 748 1445 789 insolentia
1454 751 1492 798 εἰ),
1521 749 1657 790 ordine
1678 749 1885 790 iudiciario
1900 751 1987 790 tam

451 804 660 844 advocatia
699 817 822 856 quam
863 804 1053 845 beneficio
1084 806 1249 853 exutus,
1290 804 1321 844 si
1353 805 1611 857 postmodum
1642 817 1744 846 ausu
1773 806 1986 846 temerario

450 860 702 900 advocatiam
730 861 792 901 vel
823 860 1059 901 beneficium
1091 860 1293 908 invaserit,
1320 873 1392 912 pro
1422 861 1613 902 violatore
1642 861 1838 902 habeatur
1866 861 1987 914 pacis.

569 918 630 956 17.
663 916 705 956 Si
741 916 831 968 quis
862 918 887 955 5
918 916 1064 957 solidos
1096 917 1168 956 aut
1195 916 1333 956 valens
1344 918 1369 949 b)
1399 916 1521 957 fuerit
1549 917 1720 966 furatus,
1747 917 1892 969 laqueo
1921 929 1989 958 su-

450 971 690 1024 spendatur;
723 973 756 1012 si
786 972 932 1021 minus,
963 973 1091 1025 scopis
1121 971 1254 1012 forfice
1285 972 1508 1013 excorietur
1537 974 1577 1013 et
1605 973 1806 1014 tondatur.

567 1029 628 1068 18.
661 1027 703 1068 Si
732 1028 1019 1068 ministeriales
1050 1028 1218 1068 alicuius
1249 1027 1400 1068 domini
1430 1029 1536 1068 inter
1565 1041 1607 1069 se
1638 1040 1833 1081 gwerram
1861 1028 1988 1068 habu-

452 1084 578 1133 erint,
616 1096 749 1124 comes
780 1085 863 1125 sive
892 1084 1031 1133 iudex,
1071 1084 1113 1124 in
1143 1083 1258 1124 cuius
1287 1084 1481 1136 regimine
1513 1096 1560 1124 ea
1587 1084 1773 1134 fecerint,
1809 1084 1918 1137 leges
1948 1086 1990 1124 et

450 1139 596 1180 indicia
626 1139 766 1180 exin‘de
795 1141 1075 1193 persequatur.

567 1196 628 1235 19.
668 1195 923 1248 Quicumque
952 1208 1024 1249 per
1052 1198 1204 1236 terram
1234 1195 1435 1236 transiens
1466 1208 1617 1247 equum
1648 1209 1769 1236 suum
1796 1195 1989 1249 pabulare

456 1251 639 1300 voluerit,
671 1253 871 1303 quantum
899 1252 1122 1305 propinquo
1134 1253 1159 1284 (ἢ
1190 1263 1306 1291 secus
1335 1251 1442 1292 viam
1473 1254 1586 1292 stans
1616 1252 1657 1292 in
1687 1252 1772 1293 loco
1803 1250 1989 1304 amplecti

451 1308 650 1359 potuerit,
689 1307 740 1348 ad
777 1308 1038 1348 refectionem
1069 1309 1109 1348 et
1138 1307 1446 1360 respirationem
1477 1308 1569 1359 equi
1600 1307 1680 1357 sui,
1718 1307 1883 1361 impune
1914 1307 1989 1360 ipsi

452 1375 555 1414 equo
585 1363 775 1416 porrigat.
834 1364 1012 1404 Licitum
1043 1364 1114 1412 sit,
1146 1364 1193 1403 ut
1222 1363 1346 1404 herba
1377 1365 1417 1403 et
1447 1363 1563 1404 viridi
1595 1364 1710 1416 sylva
1739 1363 1825 1404 sine
1854 1365 1989 1404 vasta-

455 1419 564 1459 tione
595 1420 732 1471 aliqua
753 1419 922 1472 quilibet
942 1421 1082 1460 utatur
1101 1431 1172 1472 pro
1195 1431 1269 1459 sua
1289 1419 1530 1460 comoditate
1553 1421 1593 1460 et
1612 1432 1691 1460 usu
1710 1418 1990 1471 necessario.*)
2046 1435 2051 1439 ·

543 1607 705 1662 ΧΧΧΙΙΙ.
754 1607 918 1663 Bericht
951 1607 1180 1663 Friedrichs
1200 1565 1266 1664 ‘au
1300 1609 1392 1663 otto
1427 1624 1464 1663 v.
1497 1607 1683 1676 Freising
1715 1608 1898 1674 1157.**)

912 1692 1009 1737 (Otto
1034 1693 1119 1728 Fris.
1147 1693 1266 1736 Gesta,
1289 1693 1521 1736 Einleitung.)

562 1766 788 1808 Fridericus
817 1767 893 1808 Dei
930 1769 1063 1818 gratia
1091 1769 1368 1809 Romanorum
1406 1769 1625 1821 imperator
1661 1770 1702 1808 et
1731 1779 1890 1820 semper
1918 1778 1990 1807 au-

452 1823 597 1874 gustus
642 1823 786 1864 dilecto
828 1826 972 1876 patruo
1011 1837 1084 1865 suo
1127 1823 1267 1866 Ottoni
1305 1824 1554 1876 Frisingensi
1593 1823 1776 1876 episcopo
1814 1823 1989 1876 gratiam

451 1891 570 1918 suam
600 1879 641 1918 et
670 1892 788 1920 omne
816 1880 980 1920 bonum.

564 1934 749 1984 Cronica,
785 1948 889 1987 quae
927 1937 1000 1976 tua
1039 1937 1236 1989 sapientia
1273 1936 1440 1988 digessit
1468 1936 1531 1976 vel
1561 1934 1826 1976 desuetudine
1856 1933 1989 1974 inum-

452 1990 569 2030 brata
603 1990 646 2030 in
676 1991 926 2032 luculentam
958 1993 1084 2032 erexit
1113 1993 1439 2041 consonantiam,
1479 2004 1502 2032 a
1532 1991 1744 2032 dilectione
1773 1991 1846 2030 tua
1874 1989 1988 2038 nobis

451 2046 693 2087 transmissa
733 2060 826 2087 cum
861 2049 1017 2100 ingenti
1049 2048 1195 2100 gaudio
1226 2049 1499 2101 suscepimus,
1537 2051 1578 2087 et
1605 2049 1698 2100 post
1726 2046 1889 2087 bellicos
1920 2057 1987 2086 su-

451 2101 567 2142 dores
605 2102 812 2143 interdum
848 2103 890 2143 in
929 2103 992 2144 his
1032 2104 1224 2145 delectari
1261 2106 1302 2145 et
1330 2117 1402 2157 per
1431 2103 1645 2155 magnifica
1675 2104 1790 2155 gesta
1816 2102 1990 2155 impera-

450 2158 586 2198 torum
624 2158 675 2198 ad
714 2159 885 2200 virtutes
924 2159 1131 2201 informari
1167 2163 1441 2213 preoptamus.
1499 2159 1559 2199 Ea
1593 2171 1686 2200 vero
1717 2170 1821 2210 quae
1851 2158 1901 2198 ab
1929 2157 1990 2197 in-

452 2226 595 2266 gressu
635 2215 749 2267 regni
789 2228 813 2255 a
852 2215 968 2256 nobis
1007 2218 1123 2268 gesta
1161 2220 1276 2266 sunt,
1315 2216 1365 2256 ad
1401 2215 1644 2269 peticionem
1671 2216 1788 2256 tuam
1814 2213 1991 2254 breviter

567 2328 601 2369 a)
625 2326 820 2361 insollercia
844 2329 876 2369 4,
902 2329 934 2361 8.
982 2327 1018 2369 b)
1044 2338 1076 2360 u.
1103 2327 1157 2361 uel
1183 2327 1328 2370 amplius
1353 2327 1375 2362 f.
1402 2330 1434 2370 4,
1459 2327 1548 2371 (aut)
1574 2330 1606 2370 7,
1631 2329 1664 2362 8.
1712 2329 1744 2370 c)
1768 2323 1971 2371 propinquiu

454 2375 487 2415 4,
515 2376 545 2415 5,
572 2376 604 2416 7,
629 2375 651 2407 8
676 2372 871 2407 secundum.
1967 2386 1972 2392 ·

567 2419 598 2462 *)
632 2419 753 2453 Dieser
787 2418 922 2452 Artikel
956 2419 1041 2452 wird
1075 2419 1183 2452 durch
1219 2419 1294 2453 eine
1325 2419 1565 2462 Bestimmung
1590 2419 1650 2453 der
1681 2419 1735 2453 lex
1767 2419 1911 2464 antiqua
1943 2417 1989 2451 im

450 2464 766 2499 rheinfrankischen
796 2465 1024 2500 Landfrieden
1050 2476 1079 2499 v.
1105 2465 1137 2499 J.
1174 2468 1261 2499 1179
1286 2465 1460 2499 erlautert.
1509 2465 1587 2509 Vgl.
1613 2465 1701 2499 auch
1724 2464 1859 2499 Artikel
1884 2467 1904 2498 9
1931 2464 1990 2498 des

451 2510 606 2544 Elsiisser
629 2511 885 2544 Landfriedens.

569 2557 621 2601 **)
646 2550 739 2591 Uber
761 2556 955 2590 Friedrichs
980 2559 1093 2590 ersten
1117 2556 1327 2600 R'omerzug‚
1358 2568 1422 2590 von
1447 2557 1523 2591 dem
1555 2557 1667 2591 dieser
1697 2557 1839 2591 Bericht
1869 2555 1992 2600 haupt-

452 2603 605 2636 siichlich
621 2603 775 2645 handelt,
801 2602 869 2646 vgl.
888 2603 990 2636 Prutz
1007 2603 1035 2646 Ι,
1063 2605 1106 2638 56
1154 2605 1216 2644 82;
1242 2602 1380 2645 Detloff,
1406 2603 1476 2636 Der
1500 2606 1590 2637 erste
1606 2603 1798 2646 Romerzug
1815 2602 1858 2637 K.
1875 2601 1990 2635 Fried-

451 2649 542 2682 richs
567 2649 594 2683 I.
633 2651 831 2690 1154-55;
868 2647 1091 2682 Giesebrecht
1117 2648 1165 2691 V,
1191 2651 1347 2690 39-—743
1381 2649 1544 2691 Nitzsch,
1581 2649 1703 2684 Gesch.
1737 2649 1770 2684 d.
1805 2649 1837 2684 d.
1870 2647 1912 2682 V.
1942 2647 1989 2689 II,

452 2697 622 2730 236-40.
672 2695 778 2738 („Die
802 2694 962 2728 Berichte
988 2695 1048 2728 der
1072 2694 1297 2728 kaiserlichen
1322 2694 1464 2728 Kanzlei
1491 2695 1611 2728 diirfen
1636 2706 1699 2729 uns
1725 2695 1871 2728 dariiber
1895 2693 1992 2728 nicht

451 2741 627 2783 tauschen,
653 2741 733 2774 dass
759 2741 813 2774 die
838 2741 1105 2775 unmittclbaren
1121 2741 1302 2774 Resultate
1327 2740 1437 2774 dieser
1453 2741 1691 2775 italienischen
1708 2740 1991 2782 Unternehmung

450 2789 604 2821 ausserst
626 2787 747 2830 gering
771 2798 894 2821 waren.
943 2786 989 2819 Es
1014 2798 1084 2820 war
1109 2787 1184 2820 dein
1215 2786 1422 2820 staufischen
1447 2787 1580 2830 Koiiige
1614 2787 1724 2821 weder
1757 2786 1821 2820 den
1846 2785 1991 2820 lombar-

452 2833 592 2866 dischen
609 2833 766 2876 Stadten,
790 2833 877 2866 noch
895 2833 970 2866 (lein
987 2833 1176 2866 romischen
1194 2832 1308 2874 Senat,
1334 2833 1419 2866 noch
1436 2833 1583 2878 Apulien
1599 2833 1794 2876 gegeniiber
1810 2832 1990 2876 gelungen,

450 2890 511 2912 aus
537 2879 647 2912 seiner
671 2879 910 2923 ansanglichen
935 2878 1092 2922 Stellung
1115 2879 1214 2912 einen
1237 2878 1370 2912 Schritt
1392 2879 1764 2921 herauszukonunen.“)

2088 2120 2098 2133 ι
2091 2089 2098 2102 ,.
2091 2069 2098 2074 k
2083 1969 2098 2054 'gnu—
2086 1947 2098 1956 ί
2088 1850 2098 1934 ...nun
2072 917 2098 1840 man-anal1—-511—55——a-ae—mfflfl—-0-2—-a—..nfi-ma—n-
2088 871 2090 874 ’
2083 832 2086 837 ·
2082 787 2083 790 ⁴
2084 755 2087 758 “
2082 734 2083 738 ⁴
2079 707 2083 711 ⁴
2084 659 2085 662 ⁴
2076 550 2077 553 Α
