2098 3432
429 275 509 315 108

427 386 588 426 tionem.
636 384 923 446 Imperatoriae
943 384 1147 425 3131331311
1167 383 1307 436 paucis
1334 383 1544 424 retroactis
1575 383 1716 424 diebus
1745 382 1958 424 recolimus

429 454 502 482 nos
533 441 750 494 scripsisse
780 440 879 480 illud
910 440 1156 481 horrendum
1187 441 1227 480 et
1256 436 1474 480 execrabile
1504 439 1659 480 facinus
1689 440 1730 480 et
1758 438 1960 492 piaculare

426 497 625 549 flagitium
647 498 825 549 tempore
845 498 984 537 nostro
1007 495 1278 544 commissum,
1308 495 1350 535 in
1370 495 1600 536 Teutonicis
1626 495 1822 548 partibus,
1852 494 1958 535 sicut

427 553 638 600 credimus,
670 552 886 604 aliquando
907 552 1208 604 intemptatum,
1239 551 1497 592 excellentiae
1514 552 1608 591 tuae
1639 551 1690 591 ad
1719 550 1958 591 memoriam

427 610 678 656 revocantes,
716 620 791 648 nec
828 608 914 649 sine
951 607 1093 660 grandi
1123 607 1405 648 ammiratione
1435 607 1625 655 ferentes,
1668 606 1776 658 quod
1806 606 1958 668 absque

428 665 551 717 digna
589 664 801 705 severitate
839 664 1038 704 vindictae
1079 675 1208 715 usque
1248 676 1358 703 nunc
1394 662 1565 703 transire
1603 674 1748 715 passus
1789 661 1844 702 sis
1871 662 1959 703 tam

428 720 640 774 perniciosi
663 720 823 760 sceleris
843 719 1058 760 feritatem.
1089 719 1272 769 Qualiter
1292 719 1400 759 enim
1420 718 1659 760 venerabilis
1679 717 1804 758 frater
1821 718 1960 759 noster

426 776 637 829 E(skillus)
667 776 946 816 Lundenensis
978 775 1318 838 archiepiscopus
1349 775 1445 815 dum
1475 787 1498 815 a
1527 773 1621 815 sede
1652 773 1871 827 apostolica
1897 785 1960 814 13-

427 834 592 880 mearet
624 845 647 872 a
678 832 921 894 quibusdam
950 831 1084 884 impiis
1115 833 1156 872 et
1186 831 1384 878 scelestis,
1415 831 1519 883 quod
1550 829 1635 870 sine
1666 829 1806 882 grandi
1836 829 1960 871 31111111

426 901 583 928 merore
599 901 678 929 non
694 887 876 935 dicimus,
896 888 937 927 in
953 887 1138 949 partibus
1154 887 1233 927 illis
1254 889 1396 940 captus
1413 886 1534 927 fuerit
1555 887 1595 926 et
1615 885 1776 926 adhuc
1765 898 1806 926 111
1827 886 1964 926 (1331οα

427 945 493 985 dia
514 946 710 993 teneatur,
733 944 906 995 qualiter
922 943 1077 985 etiam
1067 957 1107 983 13
1128 943 1216 996 ipsa
1236 943 1419 996 captione
1440 942 1619 996 predicta
1633 941 1708 982 viri
1727 941 1960 995 impietatis,

429 1013 568 1040 semen
597 1012 786 1052 nequam,
815 1000 887 1039 filii
910 1000 1106 1047 scelerati,
1136 999 1177 1039 in
1209 1012 1301 1039 eum
1324 1000 1365 1039 et
1383 999 1425 1038 in
1446 1011 1541 1039 suos
1563 997 1785 1050 evaginatis
1815 996 1958 1049 gladiis

427 1057 622 1097 violenter
643 1055 888 1097 excarserint
909 1058 949 1096 et
969 1068 1046 1104 eos,
1078 1055 1222 1096 ablatis
1254 1055 1451 1118 omnibus,
1482 1066 1606 1107 quam
1635 1053 1808 1107 turpiter
1837 1053 1958 1105 atque

426 1113 637 1153 inhoneste
682 1113 966 1170 tractaverint,
1010 1113 1051 1152 et
1095 1115 1166 1152 tua
1210 1111 1468 1152 serenissima
1506 1109 1701 1151 celsitudo
1744 1109 1959 1161 cognoscit,

427 1170 549 1230 atque
571 1169 621 1208 ad
650 1153 892 1221 longinquas
924 1170 964 1208 31
993 1167 1284 1208 remotissimas
1314 1167 1498 1219 regiones
1527 1166 1638 1207 fama
1665 1164 1770 1206 tanti
1799 1164 1958 1206 sceleris

426 1224 507 1264 iam
527 1225 723 1287 pervenit3
769 1224 833 1264 Ad
854 1224 968 1264 cuius
999 1223 1141 1276 utique
1163 1222 1506 1263 vehementissimi
1533 1221 1721 1262 facinoris
1750 1220 1959 1270 ultionem,

428 1281 532 1321 sicut
560 1293 594 1321 13
605 1282 631 1313 ²³>
662 1280 726 1320 cui
756 1280 862 1320 bona
892 1281 1067 1332 placere,
1104 1280 1212 1320 mala
1242 1292 1334 1319 vero
1365 1279 1575 1331 displicere
1605 1277 1827 1326 credimus,
1866 1289 1959 1318 con-

426 1337 604 1377 stantius
626 1348 818 1388 exurgere
839 1335 1024 1384 debuisti,
1056 1337 1096 1376 et
1116 1335 1309 1387 gladium,
1340 1335 1410 1386 qui
1431 1335 1503 1375 tibi
1525 1334 1574 1375 ad
1594 1333 1815 1374 vindictam
1833 1333 1960 1374 111313-

426 1392 637 1441 factorum,
667 1392 830 1432 laudem
850 1404 943 1432 vero
965 1392 1163 1433 bonorum
1185 1395 1247 1432 est
1268 1404 1313 1431 ex
1335 1391 1469 1431 divina
1488 1389 1714 1454 provisione
1734 1400 1959 1438 concessus,

425 1448 466 1488 in
505 1448 700 1489 cervicem
738 1448 916 1488 desevire
955 1447 1135 1501 oportuit
1172 1447 1389 1500 impiorum
1419 1448 1460 1487 et
1489 1445 1726 1499 gravissime
1755 1446 1959 1486 conterere

424 1505 737 1558 presumptores.
768 1505 829 1544 Tu
850 1517 942 1544 vero
963 1504 1034 1544 id
1023 1516 1159 1556 ipsum
1179 1503 1238 1544 ita
1259 1503 1537 1544 dissimulasse
1558 1501 1712 1550 diceris,
1733 1500 1958 1542 seviciamb)

424 1561 660 1623 neglexisse,
683 1560 789 1612 quod
812 1560 975 1600 eosdem
994 1573 1076 1600 non
1097 1561 1159 1600 est
1179 1569 1302 1611 quare
1323 1559 1503 1612 peniteat
1524 1557 1772 1599 commisisse
1787 1557 1958 1606 reatum,

425 1616 521 1668 quia
560 1629 601 1657 se
638 1615 908 1669 inpunitatem
946 1615 1142 1667 sacrilegii
1175 1615 1281 1667 quod
1312 1616 1527 1667 gesserunt
1555 1615 1638 1655 iam
1667 1613 1748 1654 iam
1778 1612 1960 1654 sentiunt

422 1672 635 1713 invenisse.
693 1672 818 1713 Cuius
858 1672 1021 1724 quidem
1061 1671 1395 1712 dissimulationis
1426 1672 1466 1711 et
1495 1669 1764 1723 negligentiae
1793 1680 1959 1710 causam

424 1729 585 1781 penitus
605 1728 895 1781 ignoramus*),
917 1728 1110 1780 quoniam
1125 1740 1198 1768 nos
1215 1727 1255 1767 in
1273 1727 1407 1779 aliquo
1424 1726 1653 1767 serenitatis
1673 1727 1768 1766 tuae
1788 1724 1959 1777 gloriam

425 1784 657 1833 offendisse,
695 1785 962 1825 conscientiae
1003 1784 1218 1836 scrupulus
1247 1785 1432 1824 nostrum
1464 1783 1646 1823 animum
1674 1794 1755 1822 non
1785 1781 1958 1830 accusat,

427 1840 497 1881 sed
528 1853 741 1894 personam
771 1842 886 1880 tuam
916 1840 1021 1880 sicut
1050 1839 1250 1880 karissimi
1281 1841 1321 1880 et
1341 1838 1525 1892 specialis
1546 1838 1618 1878 filii
1637 1837 1767 1878 nostri
1789 1840 1830 1878 et
1848 1835 1959 1890 prin-

425 1896 524 1949 cipis
562 1896 906 1945 christianissimi,
945 1909 1067 1947 quem
1097 1897 1139 1936 in
1169 1895 1410 1957 apostolicae-
1440 1894 1702 1936 confessionis
1731 1894 1848 1947 petra
1876 1905 1955 1934 non

426 1952 669 2004 ambigimus
699 1965 770 2005 per
799 1952 875 1992 Dei
906 1952 1079 2004 gratiam
1109 1951 1340 2000 solidatum,
1373 1951 1529 1992 sincera
1558 1962 1717 2003 semper
1746 1948 1958 1990 dileximus

423 2009 594 2049 karitate
626 2010 666 2048 et
695 2008 854 2048 debitae
884 2007 1148 2048 tractavimus
1178 1983 1440 2059 benignitatis
1472 2007 1629 2047 affectu.
1677 2005 1809 2046 Debes
1839 2005 1958 2053 enim,

424 2064 709 2116 gloriosissime
730 2064 797 2111 fili,
828 2066 920 2104 ante
951 2064 1087 2104 oculos
1116 2063 1264 2104 mentis
1297 2063 1498 2112 reducere,
1528 2075 1651 2115 quam
1681 2061 1889 2114 gratanter
1918 2061 1960 2101 et

425 2133 549 2172 quam
569 2120 738 2161 iocunde
767 2121 844 2160 alio
876 2133 979 2160 anno
1009 2121 1141 2160 mater
1170 2121 1243 2160 tua
1273 2121 1526 2160 sacrosancta
1554 2119 1739 2159 Romana
1767 2116 1960 2158 aecclesia

424 2178 464 2216 te
496 2176 738 2229 susceperit,
779 2178 933 2228 quanta
969 2175 1099 2216 cordis
1131 2175 1338 2216 affectione
1369 2175 1618 2223 tractaverit,
1658 2175 1855 2226 quantam
1885 2172 1958 2214 tibi

425 2232 634 2285 dignitatis
654 2232 951 2285 plenitudinem
971 2232 1189 2272 contulerit
1209 2233 1249 2271 et
1269 2231 1441 2280 honoris,
1472 2233 1512 2272 et
1533 2230 1769 2283 qualiter
1796 2229 1959 2291 impe-

423 2288 580 2329 rialis
610 2288 815 2340 insigne
854 2301 1067 2329 coronae
1107 2287 1459 2328 libentissime
1496 2286 1784 2334 conferens,
1819 2283 1959 2337 benig-

425 2394 459 2435 c)
485 2404 515 2427 u.
543 2393 578 2435 d)
614 2392 692 2426 sind
724 2403 842 2426 ausser
875 2392 930 2425 bei
955 2391 1117 2435 Ragcwin
1144 2390 1230 2424 amh
1256 2390 1454 2424 iiberlicfert
1477 2390 1523 2423 im
1549 2389 1630 2424 Cod.
1655 2388 1757 2423 vind.
1783 2390 1852 2422 629
1877 2388 1957 2430 (iur.

426 2447 499 2473 can.
529 2438 617 2481 133).
667 2438 731 2472 Die
755 2438 949 2481 Datierung
972 2449 1108 2471 unseres
1135 2437 1338 2470 Schreibens
1361 2436 1470 2470 findet
1494 2435 1566 2469 sich
1591 2446 1656 2469 nur
1679 2435 1763 2469 hier.

540 2486 574 2526 a)
598 2485 732 2518 waitz:
758 2484 827 2525 his;
858 2485 895 2526 b)
921 2483 1001 2518 Cod
1028 2483 1150 2518 Vind:
1177 2494 1235 2516 seu
1261 2482 1375 2523 etiam,
1402 2482 1526 2516 welche
1550 2482 1690 2515 Lescart
1713 2480 1768 2514 ich
1793 2480 1957 2515 vorziehe.

541 2531 573 2573 *)
606 2530 782 2564 Friedrich
818 2512 915 2564 liatte
952 2530 1007 2563 fiir
1042 2529 1096 2562 die
1127 2529 1311 2571 Befreiung
1348 2528 1407 2561 (les
1439 2527 1654 2562 Erzbischofs
1690 2526 1778 2561 wohl
1815 2526 1957 2561 deshalb

424 2576 539 2610 nichts
562 2576 708 2620 gethan,
743 2576 817 2610 weil
842 2587 878 2610 er
901 2576 1025 2609 einmal
1052 2575 1115 2608 den
1142 2574 1342 2608 Erzbischof
1363 2585 1476 2626 wegcn
1504 2573 1563 2607 der
1586 2573 1776 2616 loslfisung
1801 2572 1862 2606 der
1883 2583 1959 2607 nor-

425 2622 566 2656 dischen
590 2622 764 2656 Bistiimer
797 2633 872 2655 vom
896 2622 1115 2664 Hamburger
1138 2621 1271 2654 Primat
1302 2621 1358 2653 fiir
1390 2620 1487 2654 einen
1513 2619 1701 2662 Schadiger
1730 2619 1790 2653 des
1813 2618 1958 2653 Reiches

427 2668 531 2710 hielt,
566 2668 794 2702 mdcrerseits
818 2668 894 2702 weil
919 2678 955 2701 er
978 2678 1094 2711 wegen
1120 2667 1180 2700 der
1203 2666 1410 2709 Verletzung
1435 2666 1494 2700 der
1518 2665 1743 2699 kaiserlichen
1766 2664 1959 2700 1313133333

425 2696 531 2748 durcli
566 2714 621 2748 die
651 2714 898 2749 Conventio
934 2714 988 2747 Be
999 2725 1021 2747 11
1032 2714 1225 2747 ventana
1250 2712 1319 2746 und
1345 2712 1407 2745 den
1427 2711 1628 2754 einseitigen
1644 2710 1789 2745 Friedon
1811 2710 1878 2745 mit
1893 2710 1958 2745 den

424 2760 571 2794 Romern
594 2771 703 2813 gegen
737 2760 791 2794 die
823 2760 928 2794 Kurie
960 2758 1175 2804 Repressalie
1214 2758 1303 2792 iiben
1339 2758 1665 2800 wollte31etzteres
1701 2756 1837 2791 scheint
1870 2756 1957 2791 noch

424 2806 582 2840 Hadrian
607 2806 641 2840 in
668 2806 794 2840 diesem
811 2806 995 2840 Schreiben
1011 2805 1120 2839 selber
1137 2804 1360 2839 anzudeuten.
1397 2803 1475 2847 Vgl.
1502 2803 1590 2837 auch
1605 2803 1789 2837 Schreiben
1814 2802 1850 2846 d)
1875 2813 1908 2837 u.
1925 2803 1958 2846 e)

424 2852 495 2887 und
518 2863 569 2888 nr.
594 2852 789 2888 XXXVIII.
