2098 3432
425 336 507 375 286

537 446 653 487 Hanc
682 458 822 499 pacem
851 447 1045 488 iurabunt
1073 449 1249 490 rectores
1285 452 1325 489 et
1355 449 1422 490 alii
1450 449 1633 492 homines
1670 451 1718 492 de
1758 452 1957 495 societate.

424 502 529 543 Item
538 503 566 535 ἢ)
587 502 620 543 si
641 502 838 555 placuerit
858 503 1086 545 civitatibus
1101 505 1292 554 Ferrarie,
1321 505 1457 555 Imole‚
1487 506 1676 548 Faventie
1697 508 1737 548 et
1757 507 1958 563 episcopa-

424 558 544 606 tibus,
565 557 749 599 videlicet
767 558 911 607 Feltre,
933 559 1104 601 Bellune
1135 562 1175 601 et
1196 560 1357 610 Cenete,
1379 561 1499 602 salvis
1518 563 1647 615 pactis
1669 566 1709 603 et
1729 563 1834 605 datis
1851 564 1957 606 inter

425 614 606 654 homines
643 614 916 667 predictorum
961 615 1265 669 episcopatuum
1309 618 1348 657 et
1392 617 1565 659 civitatis
1601 618 1783 668 Tarvisii,
1825 619 1956 662 iurare

424 669 609 710 similiter
639 682 662 710 a
690 671 868 723 proximo
900 671 963 712 die
993 672 1181 713 Mercurii
1210 685 1340 725 usque
1371 673 1422 714 ad
1450 675 1534 715 tres
1565 675 1833 728 septimanas;
1864 676 1959 718 alio-

425 725 522 778 quin
566 738 643 778 que
688 726 932 768 videbuntur
974 740 1047 780 per
1090 728 1275 769 fraudem
1316 741 1457 782 pacem
1499 742 1702 779 recusare,
1744 732 1958 774 teneantur

422 783 597 823 rectores
628 785 668 823 et
699 782 776 832 alii,
806 783 876 835 qui
904 783 1150 835 iuraverunt,
1181 785 1321 826 exinde
1350 785 1514 838 precise.

539 893 703 927 Urkunde
728 905 746 927 c
770 893 864 928 fahrt
889 894 960 929 also
985 894 1123 929 weiter:

534 962 652 1003 Hanc
668 962 803 1017 *igitur
830 975 973 1016 pacem
1002 964 1226 1005 secundum
1254 964 1427 1006 formam
1456 965 1744 1019 praescriptam
1783 968 1824 1007 et
1857 966 1960 1008 sicut

422 1031 493 1072 per
523 1018 764 1060 mediatores
802 1020 931 1072 pacis,
969 1020 1155 1062 videlieet
1183 1021 1447 1061 Willielmum
1477 1022 1692 1062 Astensem
1731 1022 1959 1076 episcopum

423 1078 464 1116 et
501 1074 737 1116 Heinricum
772 1076 1047 1117 marchionem
1088 1077 1335 1118 Saonensem
1382 1079 1422 1117 et
1459 1077 1625 1118 fratrem
1669 1077 1959 1120 Theodoricum

423 1130 472 1172 de
504 1131 613 1172 Silva
643 1131 864 1173 Benedicta
893 1134 934 1173 et
962 1132 1185 1174 Rodulfum
1215 1132 1481 1174 camerarium
1509 1135 1710 1183 nostrum,
1749 1146 1831 1175 una
1867 1147 1959 1176 cum

423 1187 479 1228 eis
523 1187 627 1228 bona
670 1187 748 1228 fide
786 1188 1078 1238 intelleximus,
1119 1191 1159 1230 et
1198 1189 1421 1230 secundum
1450 1190 1642 1239 tenorem,
1682 1203 1761 1243 quo
1792 1190 1961 1232 eandem

422 1255 563 1297 pacem
603 1245 644 1284 et
672 1244 925 1285 concordiam
954 1245 1132 1286 intimari
1163 1247 1203 1286 et
1213 1247 1241 1278 b)
1281 1245 1404 1286 iurari
1433 1245 1621 1295 fecimus,
1660 1247 1702 1286 et
1739 1246 1960 1288 secundum

423 1299 529 1352 quod
558 1299 775 1340 Lombardi
805 1313 895 1341 eam
924 1301 1029 1342 bona
1056 1301 1135 1342 fide
1162 1301 1457 1350 intellexerunt,
1486 1301 1529 1342 in
1557 1303 1800 1356 perpetuum
1827 1303 1960 1344 ratam

422 1355 561 1397 haberi
589 1357 630 1396 et
659 1357 886 1397 conservari
917 1357 1147 1398 statuimus.
1193 1357 1245 1398 Et
1273 1359 1320 1398 ut
1347 1357 1466 1398 firma
1492 1359 1729 1411 permaneat
1758 1361 1799 1399 et
1825 1358 1960 1400 incon-

423 1424 561 1461 cussa,
610 1415 867 1465 praesentem
910 1413 1101 1466 paginam
1145 1414 1272 1454 nostri
1315 1414 1578 1467 impressione
1623 1414 1744 1467 sigilli
1791 1414 1960 1456 fecimus

423 1481 673 1510 communiri.

533 1535 711 1577 Nomina
740 1533 831 1578 vero
862 1537 1084 1586 civitatum,
1122 1537 1268 1589 quibus
1299 1537 1472 1589 gratiam
1501 1540 1682 1578 nostram
1710 1537 1960 1580 reddidimus

423 1594 464 1633 et
502 1592 793 1646 praescriptam
835 1593 1004 1635 fecimus
1044 1593 1340 1634 concessionem
1385 1606 1456 1634 seu
1494 1593 1819 1647 permissionem,
1863 1594 1961 1635 haec

423 1652 539 1689 sunt:
570 1647 788 1698 Vercellae,
818 1649 1003 1698 Novaria,
1032 1649 1317 1698 Mediolanum,
1347 1649 1496 1698 Lauda,
1526 1649 1783 1702 Pergamum,
1812 1650 1960 1699 Brixia,

423 1705 612 1754 Mantua,
642 1705 819 1755 Verona,
849 1705 1050 1754 Vicentia,
1079 1705 1239 1755 Padua,
1269 1705 1505 1755 Tarvisium,
1535 1706 1727 1755 Bononia,
1757 1706 1960 1755 Faventia,

421 1761 591 1810 Mutina,
612 1761 798 1814 Regium,
828 1762 987 1811 Parma,
1017 1761 1234 1803 Placentia.
1278 1761 1373 1803 Istis
1396 1763 1533 1803 autem
1553 1761 1782 1804 civitatibus
1803 1763 1844 1803 et
1862 1762 1960 1804 locis

421 1830 561 1871 pacem
600 1818 762 1858 firmam
801 1830 960 1860 servare
972 1821 995 1852 ο)
1040 1818 1227 1859 volumus
1258 1819 1299 1859 et
1328 1818 1501 1871 gratiam
1529 1820 1711 1860 nostram
1739 1818 1959 1860 reddimus.

531 1886 828 1940 Praescriptam
849 1887 987 1927 autem
1007 1886 1304 1927 concessionem
1324 1898 1396 1926 seu
1415 1885 1721 1939 permissionem
1751 1885 1808 1927 eis
1820 1887 1848 1918 ¹¹)
1879 1898 1960 1927 non

421 1942 602 1991 facimus,
632 1942 818 1984 videlicet
845 1942 1009 1991 Imolae,
1040 1942 1181 1984 Castro
1214 1941 1353 1983 Sancti
1382 1941 1575 1990 Cassiani,
1604 1941 1742 1992 Bobio,
1775 1941 1883 1996 plebi
1911 1941 1960 1983 de

420 1999 672 2047 Grabadona,
697 1998 867 2047 Feltrae,
888 1998 1095 2047 Bellunae‚
1117 1998 1302 2046 Genetae,
1332 1998 1559 2045 Ferrariae;
1591 2000 1730 2040 autem
1739 1999 1765 2031 Θ)
1787 1997 1961 2051 gratiam

420 2057 601 2097 nostram
630 2054 836 2096 reddimus
879 2056 920 2096 et
947 2054 1238 2108 praescriptam
1268 2054 1566 2096 concessionem
1604 2053 1660 2096 eis
1688 2054 1859 2096 facimus
1888 2066 1961 2095 seu

420 2111 750 2165 permissionem,
786 2110 819 2152 si
856 2110 961 2152 infra
991 2111 1091 2152 duos
1122 2123 1284 2152 menses
1314 2114 1405 2163 post
1434 2110 1612 2151 reditum
1640 2110 1960 2152 Lombardorum

422 2180 445 2209 a
474 2168 586 2210 curia
614 2169 753 2209 nostra
782 2167 831 2208 de
860 2179 957 2221 pace
986 2167 1233 2220 praescripta
1262 2179 1356 2207 cum
1386 2166 1443 2207 eis
1474 2166 1688 2208 concordes
1717 2165 1876 2207 fuerint.

531 2225 649 2265 Hanc
676 2223 815 2276 itaque
844 2234 985 2277 pacem
1015 2226 1056 2264 et
1085 2223 1348 2272 concordiam,
1381 2222 1486 2264 sicut-
1515 2235 1637 2276 supra
1664 2223 1859 2276 scriptum
1889 2223 1960 2271 est,

420 2283 505 2322 tam
548 2293 621 2322 nos
671 2292 795 2332 quam
837 2280 944 2320 filius
992 2281 1130 2321 noster
1173 2279 1386 2320 Heinricus
1428 2279 1704 2320 Romanorum
1758 2290 1829 2320 rex
1889 2290 1962 2332 per

421 2337 688 2378 camerarium
708 2339 894 2377 nostrum
914 2335 1138 2377 Rodulfum
1163 2335 1206 2376 in
1228 2335 1405 2376 animam
1426 2336 1607 2376 nostram
1626 2335 1752 2376 iurari
1781 2333 1960 2376 fecimus.

532 2393 586 2434 Hi
616 2394 713 2434 sunt
743 2392 943 2446 principes
975 2395 1016 2433 et
1044 2392 1199 2433 nobiles
1229 2391 1374 2440 curiae,
1405 2391 1473 2444 qui
1502 2391 1793 2445 praescriptam
1819 2402 1962 2445 pacem

421 2462 493 2504 per
538 2462 580 2490 se
622 2449 784 2490 firmam
831 2450 969 2490 tenere
1017 2448 1274 2489 iuraverunt:
1329 2447 1588 2489 Hermannus
1632 2446 1961 2489 Monasteriensis

422 2506 644 2559 episcopus,
664 2505 880 2546 Heinricus
904 2504 1110 2546 Curiensis
1131 2504 1295 2552 electus,
1314 2504 1566 2544 Thietelmus
1586 2503 1804 2556 Augiensis
1826 2503 1960 2552 abbas,

513 2628 546 2669 a)
571 2626 615 2660 So
639 2627 810 2660 vermutet
833 2625 953 2667 Pertz;
979 2625 1175 2659 iiberliefert
1198 2625 1247 2658 ist
1271 2625 1331 2660 ita.

511 2673 548 2716 b)
573 2673 594 2707 i.
621 2683 648 2707 e.
675 2671 763 2706 fehlt
785 2671 841 2705 bei
865 2670 1044 2705 Muratori.
1092 2670 1253 2715 Vignati:
1279 2670 1419 2705 eandem
1446 2681 1562 2716 pacem
1586 2670 1716 2714 portari
1739 2669 1890 2704 fecimus.

515 2730 534 2752 c
572 2718 736 2762 Vignati:
761 2728 879 2763 pacem
904 2716 1043 2751 servari.

513 2719 549 2809 d}
575 2764 677 2799 Fehlt
714 2765 761 2798 im
787 2763 866 2799 Cod.
892 2763 976 2798 Bon.
1024 2763 1084 2797 Ich
1121 2763 1236 2798 wiirde
1271 2774 1306 2798 es
1340 2763 1446 2798 lieber
1482 2774 1540 2797 vor
1572 2762 1634 2796 das
1665 2760 1822 2805 folgende
1846 2762 1960 2795 autem

421 2814 545 2900 maeel).
567 2857 736 2891 Muratori
761 2857 831 2891 und
855 2856 1018 2900 Vignati:
1043 2855 1198 2891 Cenetae.
1236 2841 1411 2890 Ferrari'ae
1437 2857 1561 2890 autem.
1587 2855 1648 2889 Bei
1673 2855 1848 2889 letzterem
1871 2853 1960 2888 fehlt

422 2903 509 2938 auch
535 2903 597 2938 das
622 2903 779 2948 folgende
804 2902 863 2938 eis.
