2098 3432
1621 232 1700 273 111

135 341 420 384 constitutione
441 342 567 385 Urbis
599 344 640 384 et
670 343 918 385 christianae
950 343 1159 396 religionis
1189 343 1450 386 institutione
1483 344 1533 386 ad
1564 347 1703 386 vestra

133 410 263 453 usque
300 401 488 464 tempora
526 401 728 453 gloriosus
766 403 808 442 et
844 401 1091 442 imminutus
1124 401 1277 451 extitit,
1313 402 1407 443 fidei
1449 404 1610 444 vestrae
1640 402 1702 443 in-

134 455 261 501 divisa
279 456 491 499 sinceritas
513 459 599 498 tam
619 458 808 499 inaudita
837 458 1031 507 novitate
1060 462 1149 499 tam
1179 461 1497 513 presumptuosa
1528 460 1702 501 elatione

132 512 319 557 imminui
346 514 554 568 paciatur,
586 515 739 564 sciens,
771 516 882 557 omni
903 515 1184 568 ambiguitate
1215 518 1385 566 remota,
1418 517 1525 569 quod
1557 517 1701 558 mortis

132 570 360 626 periculum
381 573 476 613 ante
497 572 730 614 vellemus
718 565 939 623 incurrere,
961 585 1089 626 quam
1109 574 1262 614 nostris
1283 574 1539 627 temporibus
1561 576 1701 615 tantae

133 626 376 671 confusionis
406 629 669 684 obprobrium
701 630 916 672 sustinere.

251 762 296 811 0)
328 762 558 809 801110111011
591 764 797 808 Hadrians
831 764 885 808 111.
917 776 970 808 an
1003 765 1069 809 die
1100 765 1331 809 deutschen
1364 764 1575 810 Bischofe.

597 838 790 884 (Ragewin,
817 838 925 874 Gesta
951 839 1046 875 Frid.
1071 839 1138 882 III,
1169 840 1237 884 16.)

242 904 441 958 Quotiens
462 905 619 959 aliquid
650 906 692 947 in
724 907 921 948 aecclesia
951 908 1094 948 contra
1123 907 1321 948 honorem
1341 907 1418 948 Dei
1450 908 1491 948 et
1521 908 1700 949 salutem

55 950 70 998 s
130 962 311 1006 fidelium
355 964 647 1018 attemptatur,
692 962 868 1005 fratrum
915 966 956 1005 et
993 964 1324 1018 coepiscoporum
1362 967 1614 1014 nostrorum,
1660 967 1701 1006 01

130 1033 270 1063 eorum
297 1020 490 1076 precipue
521 1021 592 1074 qui
625 1021 773 1075 spiritu
802 1021 879 1063 Dei
911 1023 1113 1074 aguntur,
1149 1034 1247 1062 cura
1278 1021 1400 1063 debet
1430 1022 1621 1073 existere,
1653 1025 1701 1063 ut

130 1089 179 1120 ea
212 1090 317 1132 quae
355 1079 464 1120 male
502 1079 620 1132 gesta
656 1079 755 1119 sunt
793 1080 955 1132 gratam
985 1079 1072 1120 Deo
1108 1079 1402 1120 correctionem
1433 1079 1609 1121 debeant
1639 1080 1700 1120 in-

49 1128 71 1191 ⁴¹3?
129 1134 275 1179 venire.
331 1135 422 1179 Hoc
451 1138 591 1177 autem
621 1137 817 1190 tempore,
850 1136 958 1189 quod
991 1137 1146 1189 absque
1178 1136 1304 1178 nimio
1335 1149 1494 1178 merore
1525 1150 1607 1178 non
1639 1138 1701 1178 di-

129 1193 278 1244 cimus,
316 1193 558 1235 karissimus
588 1193 698 1234 filius
728 1195 871 1235 noster
899 1193 1131 1235 Fridericus
1161 1194 1446 1235 Romanorum
1476 1194 1700 1248 imperator

63 1276 66 1279 -
129 1249 211 1293 tale
231 1249 329 1304 quid
350 1250 446 1304 egit,
475 1251 596 1304 quale
618 1251 873 1304 temporibus
895 1253 1205 1292 antecessorum
1226 1264 1396 1292 suorum
1418 1265 1498 1293 non
1522 1252 1698 1305 legimus

128 1309 418 1363 perpetratum.
469 1308 575 1350 Cum
597 1308 707 1349 enim
726 1321 802 1350 nos
823 1308 926 1350 duos
958 1308 1007 1350 de
1037 1309 1276 1350 melioribus
1307 1308 1504 1350 fratribus
1535 1310 1698 1359 nostris,

126 1364 414 1408 Bernhardum
445 1365 599 1407 scilicet
627 1365 739 1407 tituli
771 1365 913 1407 Sancti
944 1365 1169 1408 Clementis
1201 1367 1241 1407 et
1271 1366 1509 1407 Rolandum
1540 1367 1699 1408 cancel-

127 1421 276 1465 larium
294 1424 484 1465 nostrum
504 1422 617 1464 tituli
639 1422 781 1465 Sancti
802 1423 932 1465 Marci
953 1423 1201 1477 presbiteros
1224 1423 1463 1474 cardinales,
1496 1424 1547 1465 ad
1568 1424 1698 1478 ipsius

126 1479 375 1535 presentiam
410 1480 691 1531 misissemus,
729 1480 838 1535 ipse,
878 1493 971 1522 cum
1012 1481 1194 1535 primum
1234 1481 1285 1522 ad
1327 1481 1414 1522 eius
1445 1482 1697 1535 presentiam

126 1539 416 1592 pervenerunt,
456 1538 644 1580 alacriter
674 1538 787 1580 visus
818 1539 882 1580 est
912 1551 980 1580 eos
1011 1538 1234 1592 recepisse;
1274 1539 1465 1591 sequenti
1495 1552 1589 1580 vero
1621 1539 1697 1589 die,

127 1607 222 1637 cum
239 1595 420 1637 redirent
441 1595 492 1637 ad
514 1608 621 1645 eum,
652 1597 693 1636 et
713 1596 876 1637 litterae
898 1597 1064 1637 nostrae
1084 1595 1127 1636 in
1149 1596 1237 1637 eius
1260 1596 1428 1637 auribus
1449 1596 1696 1649 legerentur,

128 1654 291 1707 accepta
319 1652 529 1695 occasione
560 1653 776 1694 cuiusdam
797 1653 921 1703 verbi,
953 1653 1061 1706 quod
1092 1653 1277 1707 ipsarum
1307 1653 1541 1694 litterarum
1571 1654 1697 1695 series

127 1710 378 1761 continebat,
415 1710 586 1764 ‘insigne
617 1710 807 1752 videlicet
836 1710 1082 1752 beneficium
1113 1723 1285 1752 coronae
1316 1711 1391 1752 tibi
1422 1711 1696 1761 contulimus‘,

125 1765 169 1809 in
195 1768 357 1810 tautam
386 1767 512 1809 animi
543 1768 859 1810 commotionem
891 1768 1061 1818 exarsit,
1093 1770 1140 1809 ut
1170 1768 1368 1818 convicia,
1412 1781 1517 1821 quae
1547 1769 1590 1809 in
1620 1782 1695 1810 nos

127 1825 170 1867 et
203 1825 361 1878 legatos
395 1826 558 1868 nostros
595 1825 745 1867 dicitur
775 1825 1014 1875 coniecisse,
1055 1827 1096 1867 et
1127 1838 1255 1879 quam
1284 1826 1501 1867 inhoneste
1532 1826 1641 1879 ipsos
1672 1839 1696 1867 a

125 1882 330 1936 presentia
358 1895 435 1924 sua
462 1883 652 1925 recedere
684 1895 731 1924 ac
761 1883 811 1924 de
841 1884 952 1925 terra
983 1895 1059 1924 sua
1078 1883 1271 1925 velociter
1301 1883 1408 1924 exire
1440 1884 1695 1937 compulerit,

128 1940 169 1981 et
203 1939 342 1982 audire
382 1940 646 1994 obprobrium
683 1942 725 1982 et
763 1940 1030 1982 lamentabile
1061 1940 1116 1982 sit
1144 1940 1308 1982 referre.
1367 1940 1438 1982 Eis
1471 1943 1613 1982 autem
1644 1942 1694 1982 ab

125 1995 234 2039 illius
268 1998 476 2052 presentia
517 1997 828 2048 excedentibus,
868 1997 976 2039 facto
1017 1998 1169 2048 edicto,
1209 2010 1260 2039 ne
1300 1998 1449 2050 aliquis
1488 1998 1538 2039 (10
1568 2011 1694 2051 regno

125 2055 260 2096 vestro
298 2054 348 2096 ad
389 2055 655 2109 apostolicam
695 2055 837 2097 sedem
878 2055 1063 2105 accedat,
1100 2068 1172 2110 per
1202 2068 1345 2097 omnes
1376 2055 1477 2096 fines
1509 2055 1694 2097 eiusdem

124 2111 239 2166 regni
259 2112 449 2154 custodes
469 2112 619 2154 dicitur
638 2113 836 2167 posuisse,
868 2113 938 2166 qui
971 2126 1038 2154 003
1071 2113 1142 2166 qui
1173 2113 1224 2154 ad
1257 2112 1522 2166 apostolicam
1554 2113 1694 2154 sedem

125 2169 260 2211 venire
279 2169 483 2212 voluerint
502 2169 702 2212 violenter
722 2170 900 2212 debeant
929 2183 1132 2212 revocare.
1184 2169 1317 2224 Super
1347 2182 1428 2223 quo
1459 2170 1567 2211 facto
1598 2170 1695 2211 licet

125 2225 427 2280 aliquantulum
453 2228 757 2278 conturbemur,
788 2240 836 2269 ex
867 2228 943 2269 hoc
973 2229 1116 2269 tamen
1145 2228 1188 2268 in
1217 2228 1335 2268 nobis
1366 2227 1464 2281 ipsis
1495 2227 1694 2269 maiorem

124 2284 442 2326 consolationem
462 2284 696 2339 accipimus,
729 2285 839 2338 quod
870 2285 921 2327 ad
951 2285 993 2326 id
1025 2285 1074 2326 de
1096 2286 1232 2327 vestro
1263 2286 1306 2326 et
1334 2285 1568 2338 principum
1600 2298 1694 2326 con-

125 2339 212 2383 silio
230 2354 313 2384 non
332 2342 542 2396 processit.
587 2342 709 2384 Unde
731 2342 986 2393 confidimus,
1017 2355 1114 2384 eum
1145 2355 1169 2383 a
1199 2342 1264 2383 sui
1295 2342 1422 2383 animi
1452 2344 1569 2383 motu
1600 2356 1694 2384 con-

125 2397 212 2440 silio
242 2400 284 2440 et
312 2399 576 2454 persuasione
607 2401 746 2441 vestra
775 2399 894 2442 facile
925 2399 1213 2442 revocandum.
1274 2398 1492 2450 Quocirca,
1531 2399 1692 2449 fratres,

125 2455 316 2509 quoniam
352 2457 396 2498 in
434 2456 511 2498 hoc
549 2457 656 2499 facto
693 2470 775 2499 non
817 2458 952 2499 solum
991 2459 1135 2498 nostra
1165 2457 1235 2498 sed
1267 2458 1405 2498 vestra
1436 2458 1477 2497 01
1507 2457 1693 2497 omnium

123 2513 411 2556 aecclesiarum
439 2526 506 2556 res
538 2514 605 2567 agi
634 2514 877 2565 dinoscitur,
914 2514 1135 2556 karitatem
1173 2516 1356 2556 vestiam
1391 2527 1610 2555 monemus
1652 2516 1693 2555 01

123 2569 384 2613 exhortamur
412 2571 453 2612 in
475 2571 663 2622 Domino,
694 2572 890 2625 quatinus
922 2572 1137 2626 opponatis
1168 2584 1239 2613 vos
1269 2584 1439 2612 murum
1469 2584 1542 2625 pro
1573 2571 1692 2612 domo

122 2625 287 2670 Domini
316 2630 358 2671 et
385 2627 594 2682 prefatum
624 2628 757 2670 filium
786 2630 978 2671 nostrum
1010 2629 1061 2670 ad
1083 2629 1194 2670 viam
1224 2630 1380 2670 rectam
1412 2641 1539 2681 quam
1569 2628 1692 2670 citius

122 2683 313 2727 reducere
344 2685 557 2736 studeatis,
588 2686 911 2728 attentissimam
941 2686 1260 2728 sollicitudinem
1291 2686 1554 2735 adhibentes,
1584 2687 1637 2726 ut
1668 2698 1692 2726 a

122 2740 368 2785 Reinaldo
419 2743 748 2785 cancellario
798 2757 892 2785 suo
943 2745 993 2784 et
1029 2743 1282 2798 -palatino
1333 2742 1542 2792 comite,
1603 2743 1690 2795 qui

121 2810 326 2854 magnas
370 2799 734 2855 blasphemias
778 2801 830 2842 in
872 2800 1107 2855 prefatos
1145 2801 1357 2854 legatos
1397 2801 1604 2841 nostros
1641 2802 1691 2841 et

121 2858 335 2899 matrem
372 2859 603 2900 vestram
643 2859 694 2900 et
737 2861 1131 2899 sacrosanctam
1169 2858 1456 2899 Romanam
1497 2857 1692 2898 aeccle-
