2098 3432
47 988 75 1030 ‹fl-⁸
48 696 86 980 ,Αι-,ις-τῖιῢῆιην
48 660 83 678 :f'
74 639 82 643 ,
59 607 71 626 *2
54 587 61 590 ¹
66 562 79 574 ψ,

4 2868 43 3006 5}

1647 240 1728 281 109

155 357 324 400 nissimo
355 355 510 410 gremio
541 367 615 396 suo
646 356 743 396 tuae
775 355 1042 396 subIImitatis
1075 355 1232 409 apicem
1265 354 1473 396 studuerit
1504 353 1728 403 confovere,

154 414 279 458 nichil
307 425 475 468 prorsus
506 412 686 454 efficiens
719 412 827 465 quod
858 413 996 466 regiae
1026 412 1231 454 voluntati
1264 413 1327 453 vel
1358 412 1401 453 in
1430 411 1603 452 minimo
1635 423 1729 464 cog-

155 473 341 515 nosceret
370 471 544 513 obviare.
594 469 742 522 Neque
762 471 904 511 tamen
925 470 1084 524 penitet
1113 482 1189 510 nos
1221 473 1317 510 tuae
1349 469 1552 511 desideria
1583 469 1728 510 volun-

150 529 253 572 tatis
273 529 316 570 in
337 528 526 570 onmibus
547 527 794 581 implevisse,
826 527 910 577 sed,
942 527 976 568 si
997 528 1154 569 maiora
1183 526 1457 568 beneficia
1487 526 1728 567 excellentia

154 587 230 629 tua
266 585 482 645 damano
522 586 666 626 nostra
707 585 981 638 suscepisset,
1023 585 1056 626 si
1088 584 1176 626 fieri
1207 585 1366 638 posset,
1406 583 1726 631 considerantes,

155 644 311 698 quanta
330 642 550 684 aecclesiae
571 642 648 683 Dei
678 643 720 682 et
749 642 867 682 nobis
897 655 970 696 per
999 643 1041 683 te
1072 642 1326 683 incrementa
1355 641 1515 695 possint
1545 644 1586 681 et
1617 653 1728 682 com-

153 699 278 745 1110ᾱὸ
312 699 543 755 provenire,
579 712 662 741 non
703 699 893 740 inmerito
926 699 1213 752 gauderemus.
1274 699 1397 740 Nunc
1427 701 1591 747 autem,
1629 699 1728 751 quia

119 759 121 761 ’
154 759 242 801 tam
259 757 495 799 inmensum
515 756 686 805 facinus,
718 756 828 809 quod
851 757 890 797 in
913 757 1207 798 contumeliam
1228 756 1474 797 universalis
1507 755 1727 796 aecclesiae

155 817 198 858 ot
214 815 376 870 imperii
406 814 468 856 tui
498 814 685 855 noscitur
706 814 833 855 etiam
854 814 1135 863 commissum,
1165 814 1374 867 negligere
1397 827 1444 854 ac
1464 811 1727 854 dissimulare

154 872 315 923 videris,
345 872 607 926 suspicamur
637 872 782 924 utique
805 884 852 912 ac
872 884 1074 921 veremur,
1106 884 1157 912 110
1188 871 1291 913 forte
1322 871 1365 911 in
1395 871 1502 912 hanc
1533 870 1728 911 dissimu-

154 929 350 972 lationem
388 931 431 971 et
468 929 766 982 negligentiam
805 930 974 983 propter
1002 929 1080 970 1100
1109 930 1209 970 111113
1241 929 1406 970 animus
1437 928 1492 969 sit
1520 927 1728 977 inductus,

156 986 287 1042 quod
337 987 685 1040 suggestione
734 986 974 1040 perversi
1023 986 1254 1027 hominis
1305 985 1517 1026 zizania
1567 985 1727 1026 semi-

153 1044 335 1087 nantis
356 1044 612 1086 adversus
643 1043 1114 1085 clementissimam
1134 1047 1351 1084 matrem
1381 1044 1526 1084 tuam
1555 1054 1727 1083 sacro-

155 1103 386 1144 sanctam
429 1101 703 1144 Romanam
754 1101 1073 1142 aecclesiam
1124 1102 1174 1142 et
1223 1113 1313 1142 nos
1363 1100 1505 1154 ipsos
1549 1099 1726 1152 indig-

153 1159 441 1210 nationem,
480 1158 617 1212 quod
658 1158 815 1208 absit,
856 1159 927 1199 ali
943 1171 1094 1211 quam
1133 1171 1325 1212 concep
1341 1158 1448 1199 eris
1488 1157 1569 1199 vel
1607 1170 1727 1198 ran-

155 1229 333 1260 corem.
365 1215 428 1258 Ob
444 1216 522 1257 hoc
540 1215 667 1269 igitur
688 1217 730 1257 01
749 1216 800 1257 ob
822 1215 902 1257 alia
913 1218 940 1249 ἢ)
957 1215 1095 1257 omnia
1114 1216 1291 1269 negotia,
1315 1228 1420 1268 quae
1442 1215 1727 1267 cognoscimus

153 1273 367 1316 imminere
377 1306 387 1324 ,
437 1273 540 1315 duos
590 1273 640 1315 de
690 1272 928 1315 melioribus
979 1277 1020 1314 et
1071 1273 1295 1314 carioribus
1347 1285 1451 1326 quos
1502 1272 1609 1313 circa
1651 1285 1727 1314 nos

153 1330 353 1374 habemus
363 1363 373 1382 ,
403 1330 574 1373 dilectos
605 1330 760 1372 scilicet
789 1330 895 1372 filios
925 1333 1109 1380 nostros,
1148 1330 1441 1372 Bernhardum
1473 1330 1605 1371 sancti
1636 1329 1728 1372 Cle-

151 1388 302 1431 mentis
339 1389 618 1443 presbiterum
653 1388 906 1430 cardinalem
937 1391 978 1429 et
1007 1388 1245 1429 Rolandum
1275 1388 1387 1429 tituli
1422 1387 1564 1429 Sancti
1595 1387 1726 1428 Marci

106 1485 111 1490 .
153 1445 427 1501 presbiterum
471 1445 724 1487 cardinalem
769 1447 811 1487 et
850 1446 1143 1487 cancellarium
1179 1447 1388 1495 nostrum,
1433 1445 1542 1487 viros
1582 1445 1727 1498 utique

153 1503 347 1557 religione
373 1504 415 1545 et
443 1503 666 1558 prudentia
695 1506 736 1544 et
765 1503 983 1545 honestate
1016 1503 1268 1558 conspicuos,
1300 1503 1515 1545 serenitati
1548 1504 1646 1544 tuae
1677 1502 1727 1544 de

153 1560 280 1603 latere
309 1563 449 1603 nostro
479 1561 530 1602 ad
556 1573 726 1615 presens
757 1560 952 1602 duximus
984 1561 1261 1611 destinandos,
1292 1560 1578 1602 excellentiam
1608 1562 1726 1601 tuam

153 1619 347 1672 rogantes
388 1619 610 1669 attentius,
652 1618 848 1672 quatinus
889 1631 958 1660 003
995 1620 1083 1660 tam
1122 1619 1342 1660 honorifice
1383 1630 1511 1671 quam
1549 1618 1726 1671 benigne

153 1675 338 1731 recipias,
366 1675 539 1718 honeste
559 1677 726 1726 tractes,
756 1677 798 1717 et
819 1688 867 1717 ea
898 1688 1004 1729 quae
1036 1677 1114 1731 ipsi
1146 1689 1270 1730 super
1299 1676 1377 1717 hoc
1407 1677 1449 1716 et
1479 1688 1604 1729 super
1635 1675 1726 1716 aliis

155 1732 207 1775 ad
241 1733 438 1776 honorem
467 1733 546 1775 Dei
585 1735 627 1775 et
665 1735 951 1775 sacrosanctae
982 1734 1195 1775 Romanae
1237 1733 1478 1782 aecclesiae,
1518 1732 1569 1774 ad
1601 1733 1725 1775 decus

155 1789 280 1832 otiam
319 1793 361 1833 et
400 1791 692 1832 exaltationem
730 1791 892 1845 imperii
929 1792 1181 1845 pertinentia
1222 1804 1270 1832 ex
1313 1792 1433 1845 parte
1478 1791 1620 1831 nostra
1650 1790 1726 1831 im-

153 1848 380 1903 peratoriae
401 1848 689 1903 proposuerint
718 1848 921 1902 dignitati,
961 1849 1068 1891 sicut
1080 1851 1107 1882 b)
1141 1849 1191 1890 ab
1223 1861 1291 1890 ore
1321 1849 1462 1889 nostro
1492 1847 1726 1901 procedant,

155 1905 308 1959 absque
338 1906 425 1947 ulla
453 1905 700 1947 hesitatione
731 1906 931 1960 suscipias
963 1908 1004 1947 et
1034 1907 1219 1960 ipsorum
1251 1905 1405 1955 verbis,
1443 1909 1660 1958 tamquam
1692 1906 1723 1946 si

154 1973 204 2004 ea
231 1963 488 2017 contingeret
515 1976 591 2005 nos
621 1963 815 2017 proferre,
846 1963 971 2005 fidem
1001 1977 1083 2005 non
1114 1964 1279 2005 dubites
1311 1962 1514 2004 adhibere.

265 2019 361 2062 Dat.
390 2022 603 2074 Anagniae
639 2022 702 2062 12.
731 2021 826 2062 Kal.
857 2020 1059 2063 Octobris.

394 2163 435 2219 b)
467 2164 668 2209 manifest
697 2166 773 2209 des
805 2165 994 2220 Kaisers‚
1028 2166 1140 2210 Ende
1173 2165 1354 2210 Oktober
1383 2163 1480 2212 1157.

587 2239 779 2284 (sagmen,
807 2239 917 2275 Gesta
939 2240 1034 2276 Frid.
1060 2241 1127 2285 111,
1153 2252 1181 2276 c.
1212 2242 1263 2276 11.
1267 2247 1282 2286 J

267 2305 373 2348 Cum
412 2306 550 2348 divina
587 2307 790 2362 potentia,
828 2320 853 2348 a
891 2320 975 2361 qua
1013 2308 1147 2350 omnis
1178 2311 1362 2362 potestas
1392 2308 1436 2349 in
1466 2308 1578 2349 caelo
1610 2310 1652 2349 et
1683 2308 1723 2349 in

153 2363 264 2405 terra
291 2364 422 2414 nobis,
453 2364 606 2406 christo
637 2364 737 2415 eius,
767 2377 943 2419 regnum
975 2367 1016 2407 et
1044 2366 1267 2420 imperium
1297 2366 1527 2419 regendum
1557 2366 1726 2407 commi-

99 2451 102 2453 -
154 2420 273 2471 serit,
320 2424 361 2463 et
398 2434 544 2476 pacem
584 2422 878 2464 aecclesiarum
917 2423 1201 2477 imperialibus
1244 2424 1370 2465 armis
1401 2424 1725 2465 conservandam

155 2477 412 2530 ordinaverit,
440 2492 524 2521 non
545 2479 633 2521 sine
652 2479 832 2521 maximo
855 2480 992 2522 dolore
1014 2481 1146 2522 cordis
1168 2481 1363 2534 conqueri
1385 2481 1572 2534 cogimur
1602 2481 1726 2522 dilec-

153 2534 255 2577 tioni
277 2539 450 2586 vestrae,
481 2536 591 2590 quod
621 2550 646 2578 a
675 2537 808 2591 capite
840 2539 1007 2579 sanctae
1039 2539 1270 2588 aecclesiae,
1302 2538 1368 2580 cui
1390 2538 1581 2580 Christus
1611 2538 1724 2592 pacis

155 2603 203 2635 ac
240 2592 468 2636 dilectionis
514 2607 614 2636 suae
653 2596 903 2636 caracterem
944 2596 1174 2650 impressit,
1220 2608 1369 2637 causae
1407 2595 1725 2646 dissensionum,

155 2650 420 2692 seminarium
449 2652 667 2702 malorum,
696 2652 883 2706 pestiferi
912 2653 1044 2694 morbi
1074 2666 1281 2694 venenum
1310 2666 1479 2694 manare
1510 2653 1724 2700 videntur,

155 2705 205 2748 de
225 2707 386 2761 quibus,
413 2709 494 2750 nisi
512 2709 627 2750 Deus
649 2712 820 2759 avertat,
851 2711 988 2751 totum
1010 2723 1156 2764 corpus
1180 2710 1399 2752 aecclesiae
1422 2710 1724 2758 commaculari,

153 2763 356 2807 unitatem
394 2766 544 2817 scindi,
583 2767 692 2808 inter
729 2779 906 2820 regnum
944 2769 986 2808 et
1023 2768 1299 2809 sacerdotium
1339 2767 1490 2809 scisma
1519 2767 1605 2808 fieri
1635 2780 1727 2821 per-

247 2889 283 2932 a)
307 2888 390 2925 Cod.
415 2889 538 2925 Vind.:
564 2890 635 2925 alia
659 2891 850 2936 quaedam
876 2891 913 2937 b)
940 2891 1024 2926 Cod.
1050 2890 1175 2926 Vind.:
1202 2891 1298 2925 velut
1322 2891 1363 2941 si.
