2098 3432
12 678 47 982 ks†.⁴1’.02‘-5K‘'P<3mfflw
18 470 51 662 '‘zffissass-wniff
34 427 35 430 „
34 335 46 387 Ὺ
40 292 50 295 Υ,
44 246 53 258 ·.-

14 1354 27 1376 ,ς
16 1331 28 1342 v
8 1067 43 1244 ¹».—22132m5
14 983 41 1053 60:⁴2

1606 266 1690 308 253

116 382 227 430 ,Cum
266 382 409 424 autem
445 380 542 422 boni
573 381 615 422 et
645 381 814 423 stabiles
843 380 921 423 viri
948 380 992 422 in
1022 393 1099 422 sua
1127 381 1207 423 fide
1236 379 1501 423 inmutabiles
1530 394 1693 436 perma-

120 439 268 489 neant,
306 437 424 494 pravi
453 451 548 480 vero
581 451 627 480 ac
656 438 801 493 perfidi
832 440 996 480 tantum
1037 438 1089 480 ad
1118 440 1236 480 tuam
1266 437 1522 481 voluntatem
1551 437 1691 481 faciles

115 497 388 546 inveniantur,
418 508 567 550 pamm
597 496 716 538 nobis
747 497 890 538 obesse
919 496 1085 550 poteris,
1114 496 1252 538 minus
1284 498 1423 538 autem
1455 496 1599 538 honori
1622 499 1692 538 tuo

145 553 326 610 respicis.
377 553 488 595 Nam
510 554 551 595 et
580 553 706 594 fidem
735 553 912 607 negligis
938 556 980 595 et
999 554 1220 607 pecuniam
1249 553 1456 595 inutiliter
1487 554 1691 608 expendis.

116 568 163 656 gi
193 613 237 654 et
263 623 340 653 nos
371 611 413 653 et
442 610 648 665 inperium
686 613 879 653 nostrum
919 610 1078 653 sincera
1114 611 1194 653 fide
1234 611 1445 665 diligeres,
1487 623 1638 665 equam
1669 624 1692 654 a

117 669 335 713 maiestate
363 669 507 711 nostra
535 667 863 710 vicissitudinem
892 668 1106 723 reciperes.

173 850 320 919 xlm
340 850 735 922 Papstwamdekret
769 850 843 907 des
877 850 1226 908 Laterankonzils
1259 867 1348 908 vom
1383 851 1513 909 Jahrc
1547 852 1640 909 1179

669 928 1150 998 (Februar—Miirz).*)

502 1009 724 1053 (Watterich,
750 1010 852 1045 Pont.
878 1010 978 1046 Rom.
1004 1010 1109 1044 Vitae
1133 1009 1180 1053 ΙΙ,
1207 1010 1302 1054 644.)

230 1086 294 1128 De
324 1085 522 1128 electione
553 1087 707 1128 summi
748 1087 965 1142 pontificis.
1033 1086 1150 1129 Licet
1188 1086 1238 1127 (16
1269 1085 1459 1128 evitanda
1489 1087 1693 1129 discordia

115 1143 160 1186 in
190 1143 390 1186 electione
421 1144 575 1186 summi
605 1144 811 1199 pontificis
832 1144 1054 1187 manifesta
1085 1144 1186 1186 satis
1219 1156 1242 1185 a
1270 1143 1425 1185 nostris
1455 1145 1694 1198 praedeces-

117 1201 280 1244 soribus
319 1201 548 1244 constituta
586 1202 857 1249 manaverint,
898 1205 1050 1252 tamen,
1087 1201 1183 1255 quia
1224 1213 1346 1255 saepe
1386 1204 1481 1255 post
1520 1203 1591 1243 illa
1620 1216 1694 1257 per

117 1259 329 1314 improbae
350 1258 587 1301 ambitionis
610 1259 827 1302 audaciam
849 1273 1017 1314 gravem
1043 1272 1167 1314 passa
1190 1262 1253 1300 est
1270 1259 1441 1300 ecclesia
1457 1259 1691 1310 scissuram,

116 1329 198 1366 nos,
223 1316 350 1358 etiam
380 1316 432 1358 ad
452 1317 611 1358 malum
631 1317 711 1359 hoc
731 1317 972 1359 evitandum
993 1317 1042 1359 (16
1064 1316 1233 1358 consilio
1255 1315 1433 1358 fratrum
1453 1320 1693 1359 nostrorum

118 1377 160 1417 et
199 1374 305 1416 sacri
345 1374 639 1429 approbatione
678 1375 839 1417 concilii
877 1375 1033 1428 aliquid
1071 1373 1327 1416 decrevimus
1371 1374 1691 1428 adiungendum.

118 1431 352 1475 Statuimus
397 1431 536 1484 igitur,
582 1433 642 1483 ut,
687 1433 723 1474 si
766 1432 872 1474 forte
916 1433 1083 1474 inimico
1124 1431 1291 1473 homine
1336 1432 1692 1486 superseminante

117 1489 272 1532 zizania
306 1489 416 1531 inter
456 1489 684 1532 cardinales
723 1490 773 1532 de
813 1489 1103 1532 substituendo
1147 1489 1340 1544 pontifice
1380 1502 1466 1531 non
1510 1490 1693 1544 potuerit

117 1546 335 1590 concordia
370 1547 494 1601 plena
533 1559 623 1589 esse
672 1551 714 1590 et
751 1547 912 1590 duabus
955 1548 1143 1603 partibus
1185 1546 1530 1589 concordantibus
1570 1548 1693 1589 tertia

115 1617 213 1659 pars
242 1604 424 1646 noluerit
453 1605 700 1647 concordare
741 1609 814 1647 aut
856 1606 933 1648 sibi
964 1605 1094 1647 alium
1123 1605 1450 1660 praesumpserit
1491 1605 1694 1656 ordinare,

116 1661 186 1704 ille
223 1661 439 1704 Romanus
476 1662 663 1717 pontifex
700 1663 924 1714 habeatur,
962 1663 1033 1717 qui
1075 1675 1100 1704 a
1137 1662 1298 1704 duabus
1337 1662 1526 1716 partibus
1568 1663 1693 1705 fuerit

118 1719 273 1762 electus
303 1722 346 1762 et
374 1721 577 1775 receptus.
637 1720 682 1763 Si
713 1720 806 1774 quis
837 1723 979 1763 autem
1009 1720 1058 1762 de
1089 1719 1235 1762 tertiae
1256 1720 1389 1774 partis
1410 1720 1691 1762 nominatione

118 1776 309 1828 confisus,
341 1777 440 1831 quia
468 1790 558 1820 rem
586 1791 672 1820 non
700 1782 850 1833 potest,
890 1778 967 1820 sibi
1007 1791 1159 1820 nomen
1200 1777 1380 1831 episcopi
1420 1778 1692 1832 usurpaverit,

117 1835 206 1877 tam
234 1834 334 1890 ipse,
365 1847 493 1889 quam
524 1835 595 1890 qui
626 1849 723 1878 eum
742 1837 984 1891 receperint,
1015 1834 1431 1877 excommunicationi
1451 1836 1691 1877 subiaceant

118 1894 160 1935 et
196 1891 326 1934 totius
366 1892 472 1934 sacri
511 1893 664 1935 ordinis
706 1894 937 1948 privatione
975 1894 1242 1942 mulctentur,
1283 1892 1342 1934 ita
1385 1894 1433 1934 ut
1464 1893 1602 1935 viatici
1633 1894 1692 1935 eis

118 1949 265 2000 etiam,
303 1949 385 1992 nisi
420 1951 587 1993 tantum
616 1952 660 1993 in
689 1951 866 2002 ultimis,
907 1951 1143 1993 communio
1175 1950 1403 2003 denegetur
1434 1952 1484 2000 et,
1518 1951 1598 1992 nisi
1629 1963 1692 1993 re-

118 2006 338 2063 sipuerint,
383 2019 478 2050 cum
515 2008 684 2051 Dathan
723 2010 764 2051 et
801 2009 974 2059 Abiron,
1017 2021 1120 2062 quos
1160 2010 1271 2050 terra
1310 2008 1424 2049 vivos
1469 2008 1692 2058 absorbuit,

119 2064 324 2120 accipiant
355 2066 602 2119 portionem.
660 2066 882 2109 Praeterea
913 2067 948 2109 si
979 2079 1004 2108 a
1034 2065 1297 2121 paucioribus
1329 2065 1478 2119 aliquis
1511 2079 1637 2119 quam
1668 2079 1692 2107 a

118 2121 280 2164 duabus
313 2123 501 2178 partibus
522 2123 647 2166 fuerit
667 2125 822 2166 electus
855 2124 906 2166 ad
937 2124 1198 2179 apostolatus
1230 2122 1422 2173 officium,
1452 2123 1531 2165 nisi
1562 2123 1694 2165 maior

119 2179 337 2222 eoncordia
356 2180 646 2232 intercesserit,
677 2182 918 2224 nullatenus
940 2183 1179 2224 assumatur
1200 2183 1242 2223 et
1270 2180 1506 2235 praedictae
1535 2194 1692 2235 poenae

120 2237 340 2296 subiaceat,
371 2237 407 2280 si
436 2238 651 2281 humiliter
679 2239 860 2281 noluerit
890 2239 1107 2282 abstinere.
1157 2239 1218 2280 Ex
1247 2239 1327 2280 hoc
1356 2239 1498 2280 tamen
1528 2239 1693 2280 nullum

119 2294 326 2337 canonicis
347 2295 714 2339 constitutionibus
736 2299 778 2339 et
799 2297 891 2339 aliis
923 2296 1213 2339 ecclesiasticis
1243 2295 1541 2350 praeiudicium
1572 2309 1695 2350 gene-

118 2353 251 2403 retur,
287 2352 331 2394 in
368 2353 519 2406 quibus
550 2354 718 2396 maioris
750 2356 791 2397 et
821 2354 995 2396 sanioris
1027 2354 1156 2409 partis
1186 2353 1309 2395 debet
1338 2354 1545 2395 sententia
1574 2367 1692 2408 prae-

30 2430 42 2438 *
118 2409 265 2460 valere,
294 2410 393 2464 quia
413 2411 558 2464 quod
546 2425 589 2453 111
621 2412 679 2454 eis
710 2412 884 2454 dubium
905 2412 1073 2462 venerit,
1105 2411 1327 2466 superioris
1358 2411 1512 2465 poterit
1539 2411 1688 2452 iudicio

120 2466 296 2509 diffiniri.
354 2467 405 2509 In
434 2468 623 2511 Romana
661 2483 757 2512 vero
798 2470 970 2512 ecclesia
1007 2469 1164 2523 aliquid
1206 2469 1382 2523 speciale
1412 2468 1690 2518 constituitur,

121 2523 220 2578 quia
247 2537 333 2567 non
361 2528 500 2580 potest
528 2539 720 2569 recursus
752 2527 803 2569 ad
834 2528 1089 2582 superiorem
1117 2526 1270 2568 haberi.

121 2658 236 2694 lichen
271 2659 346 2694 Hof
375 2659 413 2694 in
445 2659 584 2704 Byzanz
617 2660 782 2704 besucht;
829 2661 896 2696 mit
925 2661 998 2695 ihm
1031 2661 1118 2705 ging
1156 2660 1208 2694 als
1240 2659 1465 2694 kaiserlicher
1498 2658 1695 2694 Gesandter

122 2705 269 2741 Bischof
301 2706 445 2742 Konrad
481 2719 547 2742 von
585 2707 735 2743 Worms.
783 2708 868 2743 Man
905 2710 1094 2751 vermutet,
1140 2707 1222 2742 dass
1250 2707 1412 2741 letzterer
1445 2706 1523 2740 (16111
1555 2707 1694 2750 Herzog

120 2763 181 2788 zur
221 2746 488 2799 Uberwachung
523 2754 736 2800 beigegeben
773 2767 854 2791 war.
904 2755 984 2799 Vgl.
1023 2755 1079 2790 die
1115 2755 1152 2789 in
1192 2754 1254 2788 Nr.
1292 2754 1320 2788 L
1356 2753 1517 2788 citierten
1562 2753 1693 2788 Stellen

123 2810 186 2835 aus
211 2800 278 2836 den
303 2799 413 2836 Gesta
437 2801 529 2846 regis
553 2801 698 2837 Henrici
722 2802 768 2838 Π.
795 2803 868 2837 und
894 2802 1070 2838 Gottfn'ed
1099 2813 1164 2836 von
1188 2801 1347 2835 Viterbo!

241 2847 274 2893 *)
312 2847 512 2883 Watterich
551 2849 631 2894 gibt
670 2849 726 2884 die
762 2850 971 2884 Beschliisse
1013 2849 1072 2884 des
1114 2847 1399 2883 Laterankonzils
1439 2847 1530 2881 nach
1565 2847 1693 2891 Mansi,

124 2893 310 2930 Sacrorum
336 2894 567 2931 Conciliorum
592 2895 758 2932 Collectio
782 2896 898 2940 XXII,
926 2899 993 2931 213
1018 2897 1054 2931 ff.
1103 2889 1198 2931 Uber
1223 2895 1290 2930 den
1314 2906 1379 2930 von
1406 2894 1473 2928 mir
1498 2894 1695 2939 aufgenom-
