2098 3432
438 346 520 386 304

549 457 585 496 2.
616 455 869 518 Cuicumque
900 459 1037 497 autem
1067 457 1290 498 secundum
1320 458 1425 498 hanc
1451 458 1584 510 legem
1612 459 1752 500 eadem
1774 459 1971 513 expeditio

438 512 670 566 imperetur,
700 512 733 552 si
764 512 814 552 ad
843 512 996 552 curiam
1018 511 1239 562 Gallorum,
1269 514 1344 554 1100
1374 515 1436 554 est
1463 513 1506 554 in
1535 527 1724 567 campum
1754 514 1824 567 qui
1852 515 1972 567 vulgo

438 568 638 620 Rungalle
669 567 826 615 dicitur,
857 567 1067 608 dominum
1097 581 1217 609 suum
1248 582 1327 610 non
1357 569 1572 610 comitetur
1602 572 1642 611 et
1671 571 1724 611 ibi
1755 583 1848 611 cum
1867 570 1973 612 mili-

438 624 514 663 tari
553 627 749 676 apparatu
793 635 873 663 non
912 626 1232 677 representetur,
1282 624 1396 666 feodo
1445 627 1580 678 preter
1624 626 1716 674 hos,
1767 626 1837 679 qui
1880 639 1973 668 cum

438 679 568 731 gratia
593 679 848 720 dominorum
877 692 1044 721 suorum
1073 681 1352 730 remanserint,
1396 681 1438 721 in
1468 683 1684 735 conspectu
1713 683 1850 723 nostro
1881 682 1971 724 abs·
2026 722 2028 725 ,

438 747 515 787 que
547 747 616 788 spe
646 735 960 788 recuperationis
989 735 1181 789 privetur.
1195 737 1235 789 *)

547 792 583 831 3.
605 790 710 840 Qui
715 796 723 823 >
754 792 891 831 autern
911 804 983 844 per
1003 792 1238 839 hominium,
1269 792 1353 833 sive
1374 792 1488 833 liberi
1505 793 1588 834 sive
1605 793 1747 834 famuli
1758 793 1876 847 1’)**),
1905 793 1974 835 do-

436 846 556 887 minis
587 847 671 887 suis
694 846 956 896 adheserint,
997 849 1130 900 quoto)
1161 848 1301 889 decem
1342 860 1504 889 mansos
1545 849 1587 889 in
1627 849 1816 890 beneficio
1845 849 1973 902 possi-

438 902 561 943 deant
572 904 612 951 d),
642 904 704 943 tot
734 903 897 944 brunias
928 916 1021 944 cum
1051 904 1207 944 duobus
1239 903 1424 944 scutariis
1457 904 1626 954 ducant,
1656 906 1714 946 ita
1742 906 1898 955 tamen,
1927 908 1976 946 ut

437 971 507 1011 pro
538 958 754 1021 halsperga
766 959 859 1011 ***)
898 960 980 1000 tres
1011 972 1168 1000 marcas
1199 963 1239 1000 et
1268 972 1339 1013 pro
1370 960 1542 1012 singulis
1572 961 1760 1002 scutariis
1790 936 1972 1014 singulas

438 1026 594 1055 marcas
626 1014 846 1077 accipiant:
877 1017 918 1056 et
948 1015 1004 1056 sic
1035 1015 1164 1056 eundo
1197 1028 1242 1056 ac
1270 1015 1474 1056 redeundo
1505 1029 1598 1057 cum
1626 1017 1702 1058 hoc
1737 1016 1949 1080 stipendio
1947 1019 1973 1051 ⁰)

437 1070 522 1111 sine
562 1070 671 1111 omni
710 1070 965 1112 dominorum
1005 1071 1178 1124 dampno
1217 1072 1278 1112 vel
1310 1084 1502 1125 expensa,
1540 1071 1619 1113 nisi
1648 1074 1848 1125 quantum
1876 1073 1974 1127 ipsis

436 1126 608 1167 dominis
638 1127 845 1179 placuerit.
875 1127 1047 1168 fideliter
1078 1127 1266 1168 serviant.

549 1185 584 1222 4.
616 1182 658 1223 Si
690 1186 828 1223 autem
857 1183 975 1231 forte,
1017 1183 1123 1235 quod
1155 1184 1276 1232 absit,
1321 1183 1485 1232 accidat,
1525 1185 1573 1224 ut
1601 1184 1710 1224 idem
1737 1183 1886 1226 milites
1916 1184 1974 1225 di-

435 1251 571 1279 versos
610 1238 795 1279 dominos
834 1247 997 1292 propter
1038 1239 1195 1281 diversa
1233 1239 1424 1280 beneficia
1463 1241 1694 1292 acquirant,
1731 1252 1783 1281 ne
1811 1239 1974 1293 aliquod

435 1294 674 1335 beneficium
703 1294 928 1335 indebitum
958 1295 1021 1336 vel
1052 1295 1137 1336 sine
1168 1295 1328 1336 servitio
1358 1299 1585 1345 remaneat,
1625 1295 1774 1348 singuli
1813 1295 1974 1350 singula

436 1350 572 1391 debita
610 1350 780 1402 singulis
798 1351 820 1382 f>
850 1350 1022 1392 dominis
1051 1352 1302 1404 persolvant,
1342 1351 1528 1392 videlicet
1556 1353 1756 1404 quantum
1786 1352 1836 1394 ab
1863 1352 1974 1406 ipsis,

437 1406 470 1446 si
499 1406 624 1455 irent,
668 1407 870 1460 accepturi
909 1408 1039 1456 erant,
1078 1409 1242 1448 tantum
1279 1420 1321 1448 se
1361 1407 1525 1450 daturos
1563 1409 1806 1460 cognoscant
1839 1408 1903 1449 vel
1932 1408 1971 1449 in

435 1462 589 1515 prefato
619 1463 715 1511 loco,
746 1464 793 1503 ut
821 1463 975 1504 dictum
1006 1465 1078 1512 est,
1119 1463 1283 1505 feodum
1313 1464 1515 1513 amittant,
1545 1463 1621 1504 nisi
1651 1463 1776 1516 aliqui
1805 1475 1830 1505 a
1857 1464 1972 1506 nobis

435 1519 497 1558 vel
528 1530 551 1559 a
579 1531 703 1571 regno
734 1518 817 1559 sint
845 1519 1138 1567 inbeneficiati;
1175 1519 1218 1560 hi
1259 1519 1292 1560 si
1330 1519 1540 1561 nobiscum
1579 1519 1745 1570 vadant,
1782 1519 1972 1562 nolumus

436 1578 482 1614 ut
511 1574 675 1616 feodum
713 1575 915 1623 amittant,
946 1577 1008 1616 set
1038 1575 1237 1629 stipendia
1265 1575 1343 1616 nisi
1374 1576 1580 1617 voluntate
1611 1575 1864 1617 dominorum
1891 1588 1974 1618 non

434 1631 748 1683 pretermittant.

547 1688 584 1727 5.
619 1686 813 1728 Similiter
843 1686 891 1728 de
922 1687 1182 1728 ecclesiarum
1211 1687 1301 1729 filiis
1331 1688 1395 1729 vel
1425 1687 1666 1738 domesticis,
1694 1687 1736 1728 id
1766 1689 1828 1729 est
1854 1687 1973 1729 mini—

432 1799 467 1832 in
494 1798 558 1833 den
591 1800 749 1843 spateren
783 1798 1066 1833 Rechtsbiichern
1090 1798 1284 1833 Aufnahme
1316 1799 1496 1843 gefunden.
1546 1798 1662 1834 Sachs.
1687 1798 1829 1833 Lehenr.
1858 1800 1922 1833 art.
1948 1801 1970 1834 4

434 1846 452 1887 ξ
480 1849 510 1887 1,
537 1847 568 1886 2,
594 1847 634 1878 3:
668 1844 743 1886 „Ok
769 1844 820 1877 sal
846 1844 890 1877 da
915 1856 1017 1879 varen
1042 1845 1166 1888 iegelik
1191 1856 1271 1879 man
1295 1845 1360 1879 mit
1385 1845 1468 1879 sime
1493 1845 1624 1888 herren,
1651 1844 1686 1879 di
1711 1845 1770 1879 des
1794 1845 1884 1879 rikes
1907 1846 1973 1889 gut

435 1894 469 1924 to
494 1891 568 1925 lene
593 1891 712 1932 hevet,
745 1890 828 1924 oder
850 1890 893 1924 he
919 1890 970 1924 sal
995 1891 1050 1925 die
1075 1893 1151 1925 vart
1174 1891 1268 1925 losen
1292 1891 1358 1925 mit
1383 1891 1478 1926 deme
1504 1891 1649 1935 tegeden
1679 1890 1812 1936 punde,
1846 1890 1907 1925 dat
1928 1890 1971 1925 he

434 1937 572 1971 iarlikes
597 1947 659 1970 vou
684 1937 750 1970 ime
775 1937 884 1971 hevet.
934 1937 1035 1971 Disse
1065 1937 1203 1971 hervart
1237 1937 1287 1971 sal
1318 1948 1397 1971 man
1423 1938 1465 1971 ok
1489 1937 1654 1981 gebieden
1677 1947 1755 1971 vore
1779 1947 1833 1971 ses
1858 1937 1971 1972 weken

433 1984 523 2017 unde
549 1994 589 2016 en
615 1983 667 2016 iar
692 1982 781 2016 unde
807 1982 866 2016 dre
891 1982 978 2026 dage
1005 1994 1040 2017 er
1071 1983 1131 2017 der
1164 1994 1388 2026 samenunge,
1422 1983 1511 2017 unde
1545 1983 1599 2017 die
1630 1983 1770 2018 hervart
1800 1983 1874 2017 lent
1906 1982 1971 2018 den

435 2029 624 2063 diidischen
656 2029 726 2062 alse
759 2028 813 2062 die
845 2029 974 2073 koning
1002 2029 1125 2073 gewiet
1148 2030 1188 2064 is.
1192 2031 1212 2046 “
1261 2029 1507 2063 Thatsachlich
1543 2029 1686 2073 erfolgte
1719 2029 1800 2063 aber
1824 2028 1879 2063 die
1902 2027 1970 2063 An-

434 2077 578 2119 setzung
603 2075 662 2109 des
686 2074 841 2108 Termins
865 2075 953 2109 nach
979 2075 1055 2110 dem
1080 2075 1241 2110 Belieben
1268 2075 1327 2109 des
1347 2075 1462 2119 Konig
1463 2086 1489 2110 0.

548 2122 581 2165 a)
608 2123 647 2155 2:
673 2120 894 2166 Quicumque.
942 2121 978 2164 b)
1005 2124 1044 2156 6:
1071 2121 1140 2155 sive
1164 2122 1264 2156 liberi
1289 2122 1358 2156 sive
1383 2121 1470 2156 servi
1495 2132 1553 2155 seu
1578 2121 1707 2156 famuli.
1747 2122 1778 2164 0)
1805 2123 1844 2156 2.
1869 2121 1971 2167 quod.

434 2167 470 2210 d)
496 2170 535 2202 2:
529 2167 745 2247 .*poqsi‹llea(t).
758 2167 919 2248 toeiiria:
927 2167 1138 2255 Gstuperliiijo.
1184 2167 1228 2256 f}
1239 2171 1288 2247 68:
1308 2168 1426 2247 {zbita
1441 2162 1803 2247 stipegitglainls'ingulis.

527 2214 579 2303 “3
605 2225 703 2293 Νξοὴ
729 2216 850 2293 Ιξ101101·
876 2216 1024 2294 {landgltt
1057 2270 1092 2294 00
1118 2217 1228 2294 §ioli
1217 2259 1292 2293 hier
1317 2271 1373 2293 um
1383 2214 1778 2303 mlegngngrschssffidg
1802 2259 1969 2294 zwischen

432 2305 535 2340 freien
562 2305 631 2339 und
658 2306 807 2339 unfreien
834 2305 1096 2347 Vassallen;
1136 2305 1190 2339 die
1220 2306 1383 2340 letzteren
1417 2305 1494 2340 sind
1517 2305 1590 2339 ihm
1615 2305 1883 2347 Ministerialen,
1916 2305 1970 2340 die

433 2353 539 2386 neben
557 2352 665 2385 ihrem
684 2351 733 2385 Di
746 2363 793 2385 en
805 2363 820 2385 s
832 2351 958 2385 therrn
984 2352 1091 2386 einem
1108 2351 1259 2385 fremden
1277 2351 1390 2385 Herrn
1409 2351 1517 2386 durch
1532 2351 1741 2394 Homagium
1758 2350 1972 2396 verpflichtet

433 2398 521 2439 sind,
546 2398 660 2432 indem
686 2397 734 2430 sie
759 2397 812 2431 ein
837 2398 1061 2432 Mannslehen
1086 2409 1149 2431 von
1174 2397 1245 2431 ihm
1270 2397 1391 2432 haben.
1431 2397 1777 2431 Scheffer-Boichorst
1799 2397 1970 2442 hingegen

433 2444 585 2478 versteht
608 2445 709 2477 unter
733 2443 855 2478 beiden
880 2443 1247 2484 Ministerialen,
1285 2444 1364 2478 teils
1394 2443 1504 2485 freier‚
1542 2443 1621 2477 teils
1652 2443 1799 2478 unfreier
1825 2441 1968 2485 Geburt,

434 2490 488 2524 ‹lie
526 2490 633 2524 durch
666 2490 727 2523 das
760 2490 969 2533 Homagium
1003 2490 1054 2524 als
1084 2489 1209 2523 hiihere
1244 2490 1366 2523 Klasse
1402 2490 1473 2523 sich
1510 2489 1771 2523 unterscheiden
1806 2500 1868 2524 von
1905 2488 1969 2523 den

432 2538 547 2616 {ptidter
562 2536 758 2615 erwallintep)
776 2535 1015 2615 „ecclelqiarum
1032 2535 1095 2570 filii
1113 2536 1164 2569 vel
1178 2535 1503 2616 goffstlici‘ssteiner
1516 2535 1795 2615 gdissifizssrixsslitat
1814 2534 1969 2570 niederer

464 2593 481 2615 r
506 2594 574 2616 nun
604 2610 610 2623 ‚
661 2593 690 2615 ie
717 2593 734 2615 a
761 2593 797 2615 er
821 2593 884 2615 noc
933 2593 1053 2616 immet
1077 2593 1154 2615 zum
1211 2593 1221 2615 1
1277 2593 1392 2615 rcrens
1434 2593 1491 2615 ver
1540 2592 1571 2615 10
1671 2592 1700 2615 10
1721 2608 1728 2616 .

503 2594 600 2671 ***)g
611 2628 731 2662 Ficker
764 2628 882 2661 macht
915 2628 1011 2662 einen
1043 2627 1269 2662 Unterschied
1305 2627 1470 2662 zwischen
1493 2594 1628 2661 Ρ1111111111.
1660 2627 1731 2661 und
1764 2627 1966 2672 halsperga3

429 2675 507 2718 ι10110
531 2674 729 2708 bezeichnet
753 2673 824 2708 ihm
851 2674 904 2707 die
930 2674 1036 2708 altere
1060 2685 1092 2708 u.
1118 2673 1291 2715 leiohtero,
1318 2673 1410 2708 diese
1435 2674 1489 2707 die
1511 2673 1654 2717 jungere
1677 2673 1748 2707 und
1773 2673 1967 2715 schwerere,

433 2721 520 2754 auch
545 2721 742 2754 kostbarere
767 2720 1021 2764 Bepanzerung.
1063 2719 1161 2753 Nach
1179 2719 1292 2753 Waitz
1317 2719 1396 2754 sind
1419 2719 1518 2754 beide
1534 2719 1671 2753 Wiirter
1695 2719 1818 2753 ebenso
1865 2718 1968 2754 leich-

435 2766 640 2808 bedeutend,
665 2765 726 2800 wie
743 2765 943 2800 beneficium
967 2777 1000 2801 u.
1019 2766 1169 2807 feudum,
1195 2777 1311 2800 marca
1334 2777 1366 2800 u.
1384 2765 1483 2800 libra.
1523 2764 1699 2799 Wshrend
1723 2765 1834 2799 femor
1880 2764 1969 2799 'cker

430 2813 465 2846 in
492 2812 568 2846 dem
593 2812 763 2846 scutarius
797 2811 863 2845 den
887 2812 1229 2846 Leichtbewaffneten
1268 2812 1431 2855 erkennt,
1469 2811 1528 2845 der
1565 2821 1682 2845 ausser
1719 2810 1796 2845 dem
1831 2809 1976 2845 Sohilde

432 2859 529 2892 keine
547 2858 770 2892 Schutzwaffe
786 2859 892 2901 magt,
909 2858 1107 2892 bezeichnet
1122 2857 1209 2892 nach
1224 2857 1336 2892 Waitz
1353 2857 1523 2892 scutarius
1537 2857 1703 2900 dasselbe,
1720 2856 1783 2891 wie
1794 2855 1967 2898 loricatus,

432 2905 495 2939 den
520 2904 666 2948 reisigen
691 2904 815 2946 Mann3
843 2903 897 2938 die
921 2904 1070 2938 einzelne
1095 2903 1319 2938 Schutzwaffe
1343 2904 1438 2938 steht
1461 2903 1516 2938 fiir
1540 2903 1595 2938 die
1618 2914 1725 2947 ganze
1748 2902 1919 2946 Riistung.
