2098 3432
451 298 534 337 222

451 407 542 441 ensis
567 407 602 440 et
617 405 775 450 C(othus)
794 405 836 440 de
859 406 1004 448 Verona,
1029 407 1065 440 in
1082 417 1165 451 quos
1190 408 1335 451 utraque
1359 417 1438 451 pars
1465 406 1622 441 hilariter
1646 409 1876 453 conpromisit.
1900 409 1986 444 Post

453 453 537 486 haec
560 452 743 486 Lombardi
778 452 822 485 ad
846 452 1063 486 Fredericum
1092 454 1283 486 reverenter
1315 454 1530 486 accesserunt
1556 455 1592 487 et
1624 453 1875 488 honoraverunt
1897 466 1985 498 eum,

452 509 653 578 affligat&
675 499 980 578 ἓξέἐὲῗὲηἷθὲἶῗὲὲ
1000 498 1219 589 {zlssss‘fzassz
1235 498 1434 578 ἒέἒῖὶιχξῗέ
1445 500 1502 578 2¹25?
1526 501 1986 582 fiisugffisstigffififflss

452 591 488 624 in
512 590 686 623 civitatem
712 589 854 634 Papiam
879 590 1066 624 descendit.
1107 590 1290 624 Lombardi
1315 601 1390 624 vero
1416 590 1459 623 ad
1483 591 1619 635 propria
1644 602 1720 625 cum
1743 592 1870 635 gaudio
1892 593 1986 628 rede-

454 638 563 678 untes,
598 636 820 669 obviaverunt
843 647 939 670 secus
964 636 1176 670 Placentiam
1201 635 1442 678 Cremonenses
1474 647 1550 670 cum
1575 637 1723 671 carrocio
1747 648 1808 672 suo
1832 640 1868 673 et
1890 650 1908 674 e

454 682 583 716 ditione
600 693 672 716 sua.
710 681 780 726 Ipsi
806 681 895 715 enim
920 692 1052 726 semper
1069 682 1348 716 claudicaverunt
1363 681 1398 715 in
1415 682 1506 716 facto
1523 683 1779 718 communitatis
1795 684 1986 728 civitatum,

454 730 606 771 respectu
633 727 804 761 amicitiae
827 727 1065 772 Papiensium,
1099 730 1134 761 et
1157 727 1233 762 ideo
1258 727 1410 761 studiose
1434 730 1512 772 post
1536 728 1620 762 alios
1654 729 1864 765 distulerunt
1885 731 1986 774 exire,

456 776 494 807 ut
519 774 772 807 disturbaretur
803 773 973 818 expeditio
1005 774 1260 807 communitatis
1295 784 1354 818 pro
1380 774 1610 808 retardatione
1634 774 1794 819 ipsorum.
1843 776 1987 821 Cognito

455 820 572 863 igitur,
599 819 689 864 quod
713 819 786 853 sine
810 819 894 864 ipsis
918 819 1010 853 facta
1034 821 1109 854 erat
1132 819 1308 864 praedicta
1333 819 1524 862 concordia,
1550 820 1680 854 confusi
1705 823 1787 856 sunt
1801 821 1837 856 in
1854 823 1988 857 erubes-

454 866 566 899 centia
591 876 663 900 sua.
703 865 799 899 Tunc
822 865 966 910 populus
991 865 1225 900 Cremonensis
1250 867 1286 899 in
1310 865 1464 899 consules
1489 877 1566 899 suos
1590 866 1732 901 nimium
1755 868 1988 912 exardescens,

454 911 605 945 civitatis
630 922 710 945 suae
736 911 977 945 contumeliam
1001 911 1152 955 graviter
1176 911 1373 954 vindicavit,
1399 911 1555 945 funditus
1572 911 1710 947 diruens
1725 913 1858 958 palatia
1872 925 1987 949 eorum

454 969 493 991 ac
518 958 653 1000 domos,
685 958 770 991 bona
797 957 912 991 omnia
936 957 1080 1002 diripuit
1103 960 1139 991 et
1163 957 1247 991 alios
1275 958 1310 991 in
1334 957 1405 991 loco
1430 968 1545 991 eorum
1571 958 1743 1001 consules,
1779 960 1865 1004 ipsis
1889 961 1990 1006 depo-

454 1004 542 1045 sitis,
568 1003 777 1047 subrogavit.
816 1002 978 1044 Quamvis
996 1006 1110 1038 autem
1127 1003 1394 1037 Lombardorum
1411 1003 1569 1037 civitates
1585 1015 1662 1038 cum
1678 1005 1796 1039 eodem
1810 1005 1988 1042 Frederico

454 1050 496 1084 de
529 1050 708 1083 concordia
740 1051 775 1083 et
807 1060 889 1094 pace
920 1051 1112 1083 tractarent
1136 1049 1180 1083 ad
1204 1049 1366 1091 invicem,
1403 1052 1644 1092 cognoscentes
1676 1053 1791 1085 tamen
1820 1053 1989 1088 versutias

454 1096 601 1130 hominis
626 1095 731 1137 illius,
756 1095 978 1129 nihilominus
1002 1095 1068 1129 sibi
1093 1096 1136 1129 ab
1161 1106 1198 1129 eo
1224 1096 1390 1129 cavebant
1414 1095 1449 1129 in
1474 1097 1658 1140 posterum.
1705 1097 1890 1142 Propterea
1913 1110 1989 1133 con-

454 1142 694 1176 foederationis
732 1152 812 1175 suae
848 1141 1042 1175 iuramenta
1077 1141 1245 1175 solicitius
1281 1141 1487 1175 innovarunt
1522 1143 1558 1175 et
1587 1142 1623 1176 in
1658 1143 1791 1177 cunctis
1826 1144 1988 1179 maiorem

454 1187 788 1232 circumspectionem
813 1198 945 1232 semper
968 1191 1158 1231 gesserunt.
1199 1187 1271 1221 Auf
1293 1187 1347 1221 die
1363 1187 1561 1231 Einladung
1575 1187 1770 1223 Friedrichs
1794 1190 1988 1225 erscheineu

455 1234 510 1268 dic
534 1233 853 1268 Kardinalbischofe
877 1233 1019 1267 Hubald
1042 1245 1073 1268 v.
1099 1233 1199 1268 Ostia
1223 1233 1294 1267 und
1319 1233 1498 1267 Bernhard
1522 1245 1552 1268 v,
1577 1234 1680 1268 Porto
1713 1235 1779 1269 mit
1802 1236 1880 1271 dem
1902 1236 1990 1271 Kar-

456 1280 678 1314 dinaldiakon
702 1279 865 1314 Wilhelm
890 1279 924 1314 S.
949 1280 1043 1314 Petri
1069 1279 1113 1313 ad
1132 1279 1268 1313 vincula
1302 1279 1354 1312 als
1387 1279 1578 1324 papstliche
1602 1280 1910 1326 Bevollmachtigte
1934 1293 1989 1317 am

456 1326 681 1360 kaiserlichen
705 1326 793 1359 Hofe
818 1337 858 1359 zu
882 1325 998 1360 Pavia.
1039 1326 1171 1369 Legati,
1197 1325 1348 1359 eiusdem
1371 1325 1543 1359 Frederici
1568 1326 1697 1360 curiam
1721 1327 1988 1372 frequentantes,

459 1373 500 1406 de
524 1372 620 1416 pacis
644 1373 743 1413 bono,
769 1372 917 1416 qualiter
940 1371 1031 1406 inter
1055 1372 1167 1417 ipsum
1191 1374 1227 1405 et
1250 1372 1439 1405 Romanam
1456 1371 1632 1406 ecclesiam
1648 1372 1788 1418 eiusque
1803 1373 1989 1417 adiutores,

456 1418 666 1452 Lombardos
699 1417 875 1460 videlicet,
912 1417 1048 1452 Siciliae
1078 1429 1192 1462 regem
1225 1419 1260 1451 et
1295 1417 1533 1462 imperatorem
1564 1417 1989 1464 Constantinopolitanum,

458 1465 636 1498 reformari
660 1465 786 1508 posset,
810 1463 910 1498 modo
935 1475 1011 1498 cum
1036 1475 1074 1498 eo
1099 1464 1188 1506 solo,
1225 1463 1324 1497 modo
1356 1474 1432 1497 cum
1466 1474 1504 1497 eo
1534 1465 1570 1497 et
1601 1464 1674 1498 eius
1706 1465 1909 1500 consiliariis
1932 1477 1992 1512 per

455 1511 527 1544 dies
554 1511 717 1555 plurimos
748 1509 974 1544 contulerunt.
1023 1510 1072 1544 Ut
1103 1511 1216 1544 autem
1241 1520 1340 1554 super
1363 1509 1406 1542 iis
1431 1510 1638 1544 tractatibus
1662 1511 1790 1556 absque
1814 1523 1896 1546 suae
1918 1523 1992 1558 per-

456 1567 557 1590 sonae
589 1556 784 1601 praesentia
815 1567 891 1589 cum
923 1556 1123 1590 Lombardis
1156 1555 1287 1589 facilior
1311 1555 1548 1600 opportunitas
1573 1556 1774 1600 haberetur,
1806 1557 1992 1604 imperator

456 1603 544 1636 vices
582 1613 662 1636 suas
699 1601 924 1646 C(hristian0)
960 1602 1180 1643 cancellario,
1226 1601 1413 1646 P(hilippo)
1453 1601 1544 1636 dicto
1582 1602 1773 1637 Coloniensi
1813 1604 1920 1639 electo
1956 1606 1992 1638 et

458 1648 670 1693 W(ortwino)
706 1648 938 1692 protonotario
973 1659 1033 1682 suo
1058 1647 1243 1690 concessit,
1277 1649 1462 1692 quatenus,
1497 1647 1678 1682 collatione
1702 1649 1824 1684 habita
1847 1650 1890 1684 de
1913 1661 1991 1685 con-

456 1694 635 1728 trarietate
659 1693 896 1738 capitulorum,
922 1705 1024 1739 quam
1049 1695 1188 1739 possent
1210 1693 1459 1727 moderantiam
1484 1693 1688 1728 adhiberent
1711 1697 1746 1729 et
1770 1695 1815 1730 ad
1831 1695 1992 1730 notitiam

456 1741 564 1785 ipsius
594 1742 718 1774 cuncta
748 1740 922 1775 referrent.
971 1740 1042 1785 Ipsi
1075 1751 1152 1774 vero
1183 1750 1260 1773 cum
1290 1739 1416 1783 legatis
1446 1741 1482 1773 et
1504 1739 1772 1775 Lombardorum
1803 1742 1992 1777 rectoribus

454 1798 545 1820 nunc
568 1787 603 1820 in
628 1786 819 1828 suburbiis,
855 1797 945 1820 nunc
968 1787 1003 1820 in
1029 1786 1190 1828 urbibus,
1226 1787 1328 1830 prout
1357 1785 1406 1819 eis
1440 1787 1688 1830 competentius
1713 1787 1912 1831 videbatur,
1950 1788 1992 1822 de

457 1833 549 1877 pacis
582 1832 820 1867 reformatione
854 1832 994 1866 insimul
1028 1831 1302 1877 frequentissime
1331 1833 1577 1867 tractaverunt.
1626 1832 1694 1867 Sed
1717 1844 1795 1868 cum
1819 1844 1870 1876 ea,
1902 1845 1991 1879 quae

457 1879 606 1913 vicissim
643 1879 865 1923 petebantur,
903 1878 948 1912 ad
979 1878 1194 1923 imperatoris
1227 1877 1386 1912 notitiam
1421 1877 1643 1921 referrentur,
1680 1879 1753 1924 ipse
1787 1879 1824 1914 in
1860 1879 1993 1914 cunctis

456 1925 594 1959 modum
618 1924 721 1958 nimis
745 1924 920 1966 excedens,
945 1926 981 1958 et
1005 1925 1047 1958 ab
1072 1924 1215 1958 ecclesia
1238 1923 1274 1957 in
1299 1923 1538 1968 spiritualibus
1562 1925 1761 1969 postulavit,
1791 1925 1881 1970 quod
1905 1925 1992 1960 nulli

456 1982 618 2016 umquam
642 1971 729 2004 laico
755 1970 926 2004 invenitur
949 1970 1054 2004 fuisse
1078 1980 1285 2010 concessum,
1310 1971 1346 2004 et
1370 1980 1390 2003 a
1413 1969 1614 2004 Lombardis
1638 1971 1742 2014 ultra,
1771 1971 1901 2016 (quam)
1926 1982 1992 2016 quo

457 2017 598 2051 Carolus
623 2019 659 2050 et
681 2016 872 2050 Ludovicus
898 2018 1000 2061 atque
1021 2015 1105 2051 Otto
1130 2016 1351 2060 imperatores
1376 2015 1527 2050 contenti
1554 2016 1703 2059 fuerunt,
1737 2017 1859 2062 exegit.
1907 2017 1993 2052 Cum

458 2063 566 2107 igitur
590 2074 611 2096 a
635 2074 695 2096 suo
720 2063 893 2107 proposito
918 2073 1021 2108 pravo
1045 2062 1245 2096 Fredericus
1278 2061 1432 2095 recedere
1462 2062 1661 2097 nullatenus
1692 2063 1804 2106 vellet,
1840 2063 1948 2107 legati
1973 2074 1994 2098 a

460 2111 655 2143 sanctorum
681 2111 819 2153 patrum
843 2108 971 2152 regulis
994 2110 1030 2142 et
1053 2107 1357 2142 constitutionibus
1383 2107 1519 2142 deviare
1549 2109 1713 2152 nolentes,
1747 2120 1786 2144 eo
1809 2109 1846 2144 in
1869 2109 1992 2144 erroris

458 2155 510 2188 sui
535 2154 678 2200 perfidia
703 2154 874 2196 derelicto,
913 2154 956 2188 ad
990 2154 1218 2199 praesentiam
1254 2153 1369 2187 domni
1393 2164 1502 2198 papae
1527 2165 1567 2188 ac
1590 2154 1737 2189 fratrum
1763 2166 1900 2190 suorum
1925 2155 1991 2189 col-

456 2201 584 2245 legium
610 2201 748 2234 ductore
774 2201 919 2235 Domino
944 2200 1130 2235 redierunt.
1177 2199 1361 2234 Lombardi
1393 2210 1481 2241 vere,
1515 2200 1693 2245 antiquam
1717 2212 1798 2235 suae
1821 2201 1994 2236 libertatis

457 2247 702 2292 possessionem
727 2246 872 2280 viriliter
897 2246 1127 2288 defendentes,
1151 2245 1365 2291 improbitati
1390 2245 1542 2280 eiusdem
1557 2245 1728 2281 Frederici
1751 2247 1874 2282 fortius
1891 2247 1994 2282 solito

457 2293 660 2327 restiterunt
683 2295 718 2327 et
742 2292 926 2337 Papienses
951 2303 1027 2326 cum
1052 2291 1307 2326 marchionibus
1331 2293 1366 2325 et
1382 2291 1543 2326 Cumanis
1577 2292 1726 2327 assiduis
1751 2293 1994 2328 devastationi·

457 2340 522 2373 bus
544 2350 582 2373 ex
609 2339 794 2382 ugnabant.

573 2351 758 2419 Rpomualdi
782 2384 933 2419 Annales
967 2384 1028 2426 (M.
1055 2384 1096 2419 G.
1123 2383 1181 2419 SS.
1206 2384 1302 2426 XIX,
1327 2383 1432 2428 44o):
1467 2383 1619 2429 Cumque
1644 2411 1652 2419 .
1678 2411 1686 2420 .
1713 2412 1721 2420 .
1745 2385 1782 2419 in
1805 2395 1844 2420 eo
1868 2386 1995 2427 essent,

461 2433 502 2465 ut
524 2431 654 2476 pariter
678 2431 897 2473 dimicarent,
935 2430 1115 2474 religiosae
1149 2430 1316 2475 quaedam
1353 2441 1516 2475 personae
1547 2432 1583 2464 et
1615 2430 1680 2464 viri
1709 2431 1881 2476 sapientes
1904 2431 1995 2466 inter

458 2478 697 2522 imperatorem
730 2479 766 2511 et
789 2475 998 2511 Lombardos
1031 2476 1123 2510 hunc
1154 2476 1293 2510 modum
1324 2476 1521 2510 concordiae
1546 2478 1800 2520 tractaverunt,
1834 2478 1876 2511 ut
1897 2477 1994 2512 Lom-

458 2523 578 2566 bardi,
613 2523 765 2557 dimissis
790 2523 914 2565 armis,
950 2521 1166 2566 imperatoris
1198 2524 1375 2566 tamquam
1410 2522 1537 2556 domini
1568 2521 1622 2556 sui
1645 2522 1796 2567 gratiam
1818 2522 1996 2557 humiliter

458 2569 692 2614 postularent3
719 2569 843 2603 dehinc
866 2571 938 2602 tres
961 2568 1148 2613 prudentes
1174 2568 1238 2602 viri
1262 2579 1302 2602 ex
1327 2570 1424 2613 parte
1448 2568 1665 2613 imperatoris
1689 2570 1726 2602 et
1747 2570 1818 2603 tres
1842 2579 1882 2603 ex
1897 2570 1995 2614 parte

459 2615 727 2650 Lombardorum
751 2615 969 2659 eligerentur,
995 2625 1139 2659 quorum
1159 2613 1381 2658 dispositione
1405 2616 1441 2648 et
1465 2614 1608 2648 arbitrio
1632 2625 1748 2649 eorum
1772 2614 1912 2649 deberet
1927 2625 1995 2660 pax

459 2663 495 2695 et
528 2661 709 2695 concordia
742 2660 932 2695 terminari.
989 2660 1140 2705 Cumque
1175 2660 1239 2694 hoc
1274 2662 1413 2704 pactum
1445 2662 1481 2694 et
1511 2660 1709 2705 imperatori
1737 2662 1774 2695 et
1795 2661 1996 2695 Lombardis

461 2719 527 2741 non
551 2707 721 2742 modicum
746 2707 950 2752 placuisset,
986 2706 1171 2751 imperator
1194 2706 1336 2751 Papiam
1360 2706 1482 2749 rediit,
1516 2708 1552 2740 et
1574 2706 1758 2740 Lombardi
1791 2706 1836 2740 ad
1858 2707 1996 2760 propria

460 2755 542 2787 sunt
557 2753 693 2788 reversi.
726 2753 917 2798 Imperator
931 2752 1070 2786 interim
1086 2752 1224 2786 nuntios
1242 2752 1286 2786 ad
1302 2752 1535 2786 Alexandrum
1552 2763 1675 2797 papam
1693 2752 1785 2797 apud
1800 2752 1995 2796 Anagmam

460 2799 595 2841 direxit,
620 2810 756 2844 rogans,
780 2801 822 2833 ut
845 2799 978 2843 aliquos
1002 2798 1044 2832 de
1068 2798 1234 2832 fratribus
1258 2798 1330 2832 suis
1355 2798 1399 2831 ad
1423 2809 1500 2832 eum
1524 2798 1559 2832 in
1575 2798 1815 2832 Lombardiam
1831 2798 1995 2842 mitteret,

460 2845 517 2890 qui
543 2846 645 2879 simul
669 2856 746 2880 cum
770 2844 972 2880 Lombardis
997 2844 1200 2879 tractandae
1233 2844 1329 2889 pacis
1363 2844 1529 2889 colloquio
1559 2844 1766 2878 interessent
1789 2871 1798 2880 .
1823 2871 1832 2879 .
1860 2871 1869 2880 .
1894 2871 1903 2879 .
1929 2843 1995 2886 Qui
