2098 3432
475 324 554 364 178

471 448 565 488 pus
595 446 705 475 cum
735 433 844 474 suis
870 432 1221 486 suffraganeis

471 505 492 531 c
502 504 523 532 o
532 504 559 531 n
570 503 588 530 s
599 503 618 530 e-
627 503 654 530 n
665 503 682 530 s
693 490 742 530 it.
762 489 1004 530 Viennensis
1027 488 1222 541 archiepi-

459 550 617 599 scopus
637 558 730 586 cum
748 546 832 585 suis
850 545 1113 597 suffraganeis
1129 557 1222 585 con-

471 603 607 643 sensit.
651 601 924 642 Heinricus
945 614 1027 641 rex
1046 600 1222 652 Anglo-

469 671 576 698 rum
604 670 689 710 per
719 658 909 709 legatos
940 658 987 697 et
1014 657 1220 696 litteras

471 727 575 754 suas
592 713 834 754 consensit.
858 714 945 753 Rex
959 713 1220 764 Ungarorum

470 783 540 822 per
568 770 728 810 litteras
759 771 800 810 et
828 769 983 821 legatos
1009 780 1103 809 suos
1128 781 1220 808 con-

471 825 607 866 sensit.
636 826 723 866 Rex
739 825 986 865 Boemorum
1007 825 1219 865 consensit.

470 882 555 922 Rex
586 882 794 922 Danorum
824 880 1037 921 consensit.
1081 879 1219 921 Gwido

471 938 623 978 electus
653 938 976 978 Ravennatensis
1007 936 1239 987 consensit„

1263 984 1299 1016 et
1312 982 1370 1026 qui
1384 982 1512 1016 litteris
1526 982 1597 1016 suis
1606 983 1634 1015 d)
1659 992 1859 1016 consensum
1877 982 2009 1014 suurnel

470 994 691 1046 Episcopus
741 993 948 1034 Firminus
1007 991 1220 1033 consensit.

471 1050 693 1102 Episcopus
724 1049 965 1089 Ferentinus
1006 1047 1220 1089 consensit.

470 1106 719 1146 Mantuanus
778 1105 991 1145 consensit.
1072 1104 1221 1156 Perga-

471 1174 615 1202 menus
634 1161 847 1202 consensit.
863 1160 1110 1201 Faventinus
1128 1172 1221 1201 con-

472 1218 609 1258 sensit.
660 1218 867 1258 Abbatum
896 1229 990 1257 vero
1023 1217 1063 1256 et
1092 1216 1220 1256 archi-

470 1273 787 1326 presbiterorum
839 1272 1058 1313 multitudo
1102 1271 1221 1312 innu-

471 1330 676 1370 merabilis
727 1330 952 1369 multorum
1004 1340 1221 1380 regnorum

470 1385 655 1426 interfuit
698 1387 739 1433 et
782 1385 996 1426 consensit.
1065 1384 1223 1435 Longo-

471 1441 688 1482 bai·dorum
706 1440 988 1482 inestimabilis
1003 1439 1222 1480 multitudo

471 1497 658 1538 interfuit
689 1499 730 1538 et
759 1497 973 1538 consensit.
1031 1495 1222 1537 Universi

471 1553 553 1594 fere
563 1553 763 1607 principes
771 1553 944 1594 Romani
955 1551 1125 1606 imperii,
1135 1553 1222 1592 tarn

471 1610 678 1651 Teutonici
717 1622 842 1662 quam
869 1608 1019 1657 Italici,
1060 1609 1147 1648 tam
1180 1607 1222 1648 in

471 1666 583 1708 Urbe
614 1678 738 1718 quam
768 1669 881 1706 extra
903 1665 1069 1714 Urbem,
1097 1664 1223 1704 inter-

471 1722 638 1763 fuerunt
655 1724 695 1762 et
711 1734 923 1762 assensum
949 1733 1043 1762 cum
1067 1719 1223 1772 ingenti

471 1778 667 1819 desiderio
697 1779 957 1831 prebuerunt.

1263 442 1339 474 nus,
1353 428 1565 474 Ferentinus,
1580 429 1815 473 Terdonensis,
1825 428 2006 474 Aquensis,

1264 477 1422 510 Astensis
1433 504 1441 519 ‚
1466 477 1646 519 Taurinus,
1671 476 1908 518 Vereellensis,
1931 475 2006 519 Ipo-

1263 523 1382 565 rensis,
1409 522 1592 565 Cumanus,
1616 522 1849 564 Novariensis‚
1875 521 2007 556 Cremo-

1263 569 1378 602 nensis
1389 570 1426 611 a),
1453 568 1678 610 Gebentinus,
1691 568 1873 610 Tullensis,
1883 567 2008 601 Virdu-

1263 615 1389 656 nensis,
1402 614 1620 656 Basileensis‚
1634 614 1900 658 Argentinusb),
1910 613 2008 647 War-

1263 660 1452 703 macensis,
1510 660 1759 703 Traiectensis,
1813 659 2008 701 Verdensis,

1263 706 1570 750 Abelenbergensis
1581 709 1617 748 0),
1635 706 1831 750 Pragensis,
1849 705 2009 739 Ratisbo-

1263 753 1389 795 nensis,
1413 752 1638 787 Pataviensis.
1664 752 1752 786 Item
1766 751 2007 795 Augustensis,

1263 798 1537 842 Bambergensis‚
1551 797 1760 833 Melfitanus.
1785 797 1840 831 Hi
1865 808 1884 831 0
1891 808 1956 831 11111
1965 807 1984 830 0
1992 807 2009 830 3

1262 844 1932 878 interfueruntetconsenserunt.
1945 842 2010 876 Est

1264 892 1379 924 autem
1414 901 1575 924 numerus
1612 890 1939 933 archiepiscoporum
1974 890 2010 922 et

1263 937 1513 979 episcoporum,
1545 936 1603 980 qui
1635 937 1831 979 praesentes
1860 935 2008 973 fuerunt,

1264 1029 1503 1071 praebuerunt,
1517 1030 1653 1062 centum
1667 1027 1917 1072 quinquaginta
1928 1027 2009 1060 tres.

1262 1074 1439 1108 Abbatum
1455 1086 1533 1108 vero
1557 1076 1593 1108 et
1617 1073 1963 1108 archidiaconorum)
1975 1074 2012 1106 et

1264 1120 1532 1164 praepositorum
1555 1121 1741 1154 multorum
1757 1129 1939 1163 regnorum
1961 1118 2012 1152 in-

1265 1166 1490 1200 aestimabilis
1506 1165 1693 1200 multitudo
1708 1165 1867 1199 interfuit
1883 1166 1919 1198 et
1934 1175 2010 1198 cum

1265 1212 1432 1247 desiderio
1467 1213 1648 1247 consensit.
1705 1211 1869 1245 Interfuit
1903 1210 2009 1244 etiam

1264 1259 1333 1293 dux
1345 1258 1510 1293 Saxoniae
1519 1261 1548 1293 g)
1563 1261 1598 1292 et
1611 1257 1798 1300 Bawariae,
1812 1257 1880 1291 dux
1889 1256 2011 1298 Welfo,

1265 1305 1332 1338 dux
1346 1305 1569 1348 Zaringiaeh)‚
1596 1305 1665 1339 dux
1678 1304 1873 1346 Suevorum,
1898 1313 2009 1336 0011103

1264 1349 1439 1394 palatinus
1466 1351 1506 1385 de
1530 1351 1660 1394 Rheno,
1686 1349 1861 1394 palatinus
1885 1348 1927 1382 de
1952 1347 2012 1382 Sa-

1264 1397 1375 1439 xonia,
1401 1397 1442 1430 de
1455 1397 1643 1431 Bawariai)
1670 1398 1706 1430 et
1726 1395 1786 1430 alii
1798 1394 2012 1429 marchiones

1265 1445 1302 1478 et
1311 1444 1462 1487 comites,
1475 1454 1617 1488 quorum
1626 1442 1794 1477 nominak)
1803 1441 2010 1485 ignoramus.

1313 1892 1345 1935 a)
1360 1891 1440 1926 MD.
1452 1905 1460 1925 :
1473 1890 1712 1925 Germonensis
1723 1903 1731 1931 ;
1743 1887 1800 1923 B.:
1811 1886 2013 1923 Cremensis.

1312 1937 1348 1982 b)
1373 1937 1461 1971 fehlt
1480 1937 1540 1971 bei
1563 1937 1603 1971 B.

1317 1984 1348 2028 c)
1373 1983 1413 2018 B.
1427 1997 1434 2017 ;
1449 1982 1770 2026 Abelenburgensis.
1798 1979 1896 2015 Ohne
1909 1979 2012 2014 Zwei-

1266 2029 1311 2063 fel
1348 2029 1408 2063 der
1442 2029 1585 2063 Bischof
1616 2040 1645 2062 v.
1675 2027 1880 2071 Havelberg,
1915 2025 2017 2059 Wat-

1267 2075 1377 2110 terich
1403 2077 1573 2109 vermutet
1596 2072 1900 2117 Aldenburgensis.
1947 2071 2014 2105 Die

1267 2121 1401 2155 Namen
1429 2122 1489 2155 der
1512 2120 1693 2165 folgenden
1717 2118 1876 2154 Bischofe
1901 2117 2013 2152 fehlen

1267 2168 1322 2202 bei
1346 2168 1386 2202 B.

1315 2214 1351 2256 d)
1376 2225 1404 2248 s.
1426 2213 1515 2248 fehlt
1536 2213 1592 2247 bei
1616 2212 1657 2248 Β.
1686 2250 1690 2254 ,

1314 2263 1345 2300 0)
1370 2260 1458 2293 fehlt
1480 2259 1536 2294 bei
1559 2259 1599 2294 B.

1317 2306 1345 2348 f)
1369 2306 1430 2340 B.:
1456 2305 1827 2350 archipresbiterorum.

1312 2355 1347 2395 g)
1372 2352 1430 2387 B.:
1456 2351 1637 2386 Saxonum.

1314 2398 1351 2440 h)
1375 2398 1435 2432 B.:
1460 2397 1679 2441 Thuringiae.

1325 2444 1351 2488 i)
1376 2445 1436 2479 B.:
1461 2455 1572 2478 comes
1589 2445 1624 2477 et
1639 2442 1813 2487 palatinus
1830 2441 1872 2475 de
1883 2440 2014 2482 Rheno,

1268 2501 1378 2524 comes
1403 2501 1435 2535 p.
1462 2490 1494 2524 d.
1521 2489 1566 2532 S„
1591 2499 1701 2523 0011103
1724 2487 1900 2533 palatinus
1925 2486 1956 2522 d.
1973 2486 2013 2520 B.

1314 2537 1349 2580 k)
1374 2537 1434 2571 B.:
1461 2546 1647 2570 numerum.

589 2605 656 2639 Zur
671 2604 782 2647 Frage
798 2603 858 2637 der
873 2602 1149 2636 Un‘oerschriften
1175 2601 1253 2635 sind
1268 2601 1425 2645 folgende
1443 2599 1708 2642 Quellenstellen
1725 2597 1992 2633 heranzuziehen
2006 2609 2015 2631 :

589 2651 774 2685 Schreiben
810 2649 1006 2683 Eberhards
1042 2660 1072 2683 v.
1107 2648 1280 2691 Bamberg
1324 2659 1368 2681 an
1415 2645 1593 2680 Eberhard
1629 2658 1659 2681 v.
1697 2645 1882 2688 Salzburg:
1931 2643 2016 2679 Con-

474 2698 688 2732 venientibus
731 2697 767 2730 in
815 2706 920 2729 unum
965 2694 1092 2739 Papiae
1137 2694 1376 2739 episcopis
1421 2693 1611 2727 circiter
1649 2695 1690 2726 50
1734 2717 1742 2726 .
1769 2717 1776 2726 .
1804 2718 1812 2725 .

1859 2690 2015 2724 Nuncius

474 2745 565 2788 regis
606 2743 813 2777 Francorum
862 2741 1020 2786 promisit
1058 2751 1118 2785 pro
1158 2751 1196 2774 00
1237 2742 1397 2773 neutrum
1438 2750 1473 2772 se
1512 2740 1724 2784 recepturum
1738 2764 1746 2780 ,
1786 2747 1894 2781 usque
1934 2735 2015 2770 dum

474 2790 615 2824 nuncios
647 2789 762 2823 domni
792 2787 1007 2832 imperatoris
1042 2786 1195 2831 recipiat.
1244 2785 1399 2819 Nuncius
1424 2786 1515 2828 regis
1541 2785 1731 2828 Anglorum
1755 2782 1847 2816 idem
1870 2782 1956 2816 velle
1979 2783 2015 2815 et

475 2836 565 2870 idem
590 2835 679 2870 nolle
703 2834 862 2879 promisit
885 2835 958 2867 tam
982 2833 1018 2867 in
1042 2833 1097 2866 his
1123 2843 1225 2877 quam
1249 2832 1285 2865 in
1311 2831 1399 2866 aliis.
1438 2831 1662 2874 Arelatensis,
1687 2828 1900 2871 Viennensis,
1925 2828 2014 2872 Lug-

475 2882 649 2924 dunensis,
674 2880 878 2915 Bisuntinus
901 2891 961 2924 per
984 2879 1120 2914 litteras
1145 2881 1180 2912 et
1203 2878 1344 2912 nuncios
1369 2878 1621 2911 consenserunt.
1679 2876 1777 2910 Solus
1801 2874 2016 2909 Treverensis
