2098 3432
465 332 548 372 224

465 443 698 484 societatem
736 443 822 481 tam
861 441 1040 482 locorum
1079 452 1202 492 quam
1239 451 1522 493 personarum,
1567 439 1671 492 quod
1710 440 1793 480 tres
1831 451 1999 493 persone

469 499 616 539 debent
647 497 738 549 eligi
770 509 794 537 a
821 499 937 550 parte
967 497 1118 537 domini
1138 496 1392 549 imperatoris
1414 498 1454 537 et
1473 497 1556 536 tres
1578 508 1624 536 ex
1643 497 1757 549 parte
1778 495 1999 546 civitatum,

467 567 544 606 que
567 565 745 607 persone,
780 552 875 593 visis
895 552 1042 593 litteris
1062 552 1198 592 missis
1220 553 1270 592 ab
1291 552 1532 605 imperatore
1553 552 1784 592 consulibus
1805 550 2000 592 Cremone

467 613 508 651 et
555 610 702 649 litteris
753 621 776 648 a
824 608 1056 649 consulibus
1104 608 1315 648 civitatum
1372 608 1476 648 datis
1525 607 1756 648 consulibus
1795 607 2000 657 Cremona,

467 666 613 706 Poncio
644 665 706 704 vel
737 664 824 704 aliis
855 664 991 713 sociis,
1031 663 1080 704 de
1117 676 1214 717 pace
1254 665 1295 704 et
1324 663 1535 704 concordia
1563 663 1816 716 imperatoris
1846 664 1888 704 et
1916 662 2001 704 eius

467 721 592 774 partis
632 724 672 761 et
711 721 923 761 civitatum
969 721 1152 760 omnium
1191 721 1231 760 et
1272 731 1412 760 earum
1449 719 1591 772 partis,
1636 718 1822 760 debent2)
1856 718 2000 768 iurare,

467 777 573 830 quod
606 778 709 817 bona
738 776 814 816 fide
845 779 886 817 et
916 776 1000 816 sine
1030 775 1172 816 fraude
1202 775 1299 816 visis
1321 775 1561 828 supradictis
1581 774 1728 815 litteris
1749 774 2003 816 concordiam

468 833 616 874 facient
646 833 750 872 inter
778 831 1063 885 imperatorem
1094 833 1135 872 et
1164 831 1248 871 eius
1278 833 1436 884 partem
1466 833 1507 871 et
1535 830 1782 872 Lombardos
1803 832 1844 871 et
1863 842 2003 872 eorum

467 890 604 942 partes
634 900 765 940 neque
795 900 930 928 amore
958 899 1091 939 neque
1121 887 1264 927 timore
1294 899 1426 939 neque
1455 886 1544 927 odio
1574 887 1638 927 vel
1666 887 1749 927 ullo
1779 886 1856 927 alio
1884 886 2002 927 modo

468 944 720 998 permittent,
761 944 857 996 quin
896 955 943 984 ex
982 943 1194 995 utriusque
1233 943 1379 984 litteris
1417 943 1680 983 extrahentur
1709 954 1774 991 ea,
1813 954 1917 994 quae
1947 942 2003 983 eis

469 1001 681 1042 videantur
711 999 918 1052 superflua
948 1000 989 1040 et
1017 999 1248 1051 incongrua,
1280 998 1502 1050 adiungent
1530 1011 1587 1047 ea,
1623 1010 1726 1050 quae
1757 997 1814 1039 eis
1846 997 2004 1039 videan-

469 1060 536 1097 tur
565 1055 793 1097 necessaria
823 1057 864 1096 et
893 1055 1023 1107 magis
1054 1055 1170 1096 utilia
1199 1056 1240 1095 et
1260 1067 1438 1107 congrua
1459 1054 1508 1095 ad
1529 1066 1670 1107 pacem
1691 1056 1732 1095 et
1751 1053 2004 1095 concordiam

469 1114 573 1154 inter
603 1112 813 1153 dominum
842 1111 1129 1164 imperatorem
1159 1114 1200 1151 et
1219 1110 1467 1152 Lombardos
1499 1114 1540 1151 et
1569 1109 1752 1151 civitates
1782 1111 1824 1151 et
1843 1121 2004 1151 omnem

470 1181 587 1209 suam
625 1168 860 1209 societatem
898 1167 1215 1208 confirmandam
1255 1171 1295 1207 et
1335 1166 1563 1207 tenendam.
1621 1166 1675 1206 Et
1710 1166 1928 1219 imperator
1965 1167 2006 1206 et

470 1226 557 1265 eius
588 1224 699 1264 curia
729 1225 770 1264 et
799 1223 983 1264 civitates
1014 1225 1055 1263 et
1085 1235 1224 1264 eorum
1253 1224 1387 1275 partes
1418 1223 1566 1263 debent
1585 1221 1715 1263 facere
1736 1221 2005 1270 securitatem,

471 1282 512 1321 in
543 1280 706 1320 arbitrio
737 1279 1036 1332 praedictorum
1066 1291 1134 1320 sex
1165 1279 1384 1319 electorum
1423 1280 1530 1319 stare
1568 1280 1626 1327 et,
1671 1277 1704 1318 si
1744 1277 2007 1318 dissenserint

474 1337 513 1376 in
546 1336 692 1388 aliquo,
732 1335 894 1376 arbitrio
932 1335 1144 1376 consulum
1167 1335 1363 1375 omnium
1402 1334 1621 1376 Cremonae
1663 1333 1847 1374 similiter
1889 1334 2008 1374 stare.

472 1393 524 1432 Et
553 1393 619 1432 isti
651 1404 719 1432 sex
749 1391 897 1432 debent
926 1390 1112 1432 arbitrari
1140 1390 1321 1443 predicta
1358 1403 1486 1442 usque
1524 1390 1575 1431 ad
1602 1389 1784 1430 medium
1812 1389 2006 1430 Madium.

468 1449 522 1488 Et
551 1449 584 1488 si
615 1447 878 1488 dissenserint
907 1448 948 1488 in
979 1447 1124 1499 aliquo,
1154 1448 1253 1487 tunc
1272 1447 1456 1487 consules
1478 1458 1617 1486 omnes
1639 1445 1834 1487 Cremone
1859 1445 2008 1486 debent

470 1504 649 1557 predicta
689 1503 874 1544 arbitrari
913 1503 961 1544 de
999 1515 1065 1552 eo,
1110 1502 1158 1543 de
1199 1515 1278 1555 quo
1317 1503 1597 1551 dissenserint,
1642 1514 1772 1554 usque
1810 1501 1860 1542 ad
1891 1501 2011 1554 quin-

472 1560 601 1601 decim
631 1559 727 1600 dies.

583 1616 636 1656 Et
665 1615 883 1668 imperator
913 1615 1053 1656 statim
1083 1614 1203 1655 debet
1231 1613 1362 1655 facere
1392 1627 1534 1667 pacem
1563 1613 1749 1655 omnibus
1779 1613 2009 1654 civitatibus

473 1675 514 1712 et
543 1684 682 1712 earum
713 1671 895 1712 societati
925 1671 1060 1712 osculo
1096 1670 1205 1724 pacis
1241 1670 1551 1716 interveniente,
1591 1671 1632 1710 et
1667 1669 1727 1710 ita
1763 1671 1812 1710 ut
1845 1669 2009 1710 firmum

471 1729 659 1768 teneatur
698 1739 722 1767 a
761 1726 1010 1776 civitatibus,
1056 1727 1194 1767 decem
1238 1726 1421 1767 homines
1465 1726 1514 1767 de
1558 1737 1804 1778 unaquaque
1847 1725 2009 1766 civitate

473 1784 620 1825 debent
650 1784 799 1832 iurare,
845 1783 951 1835 quod
981 1783 1040 1823 ita
1068 1783 1231 1823 firmum
1261 1782 1315 1822 sit
1345 1783 1385 1823 et
1412 1782 1590 1823 habeant
1618 1782 1668 1822 ab
1695 1781 1794 1835 ipsis
1823 1780 2011 1822 omnibus

471 1839 712 1881 civitatibus.
765 1839 819 1879 Et
848 1839 925 1892 ipsi
955 1839 1094 1880 decem
1114 1838 1230 1887 tales,
1261 1838 1401 1890 quales
1419 1838 1639 1892 imperator
1659 1837 1835 1890 elegerit,
1865 1837 2013 1879 debent

479 1908 567 1937 esse
598 1897 639 1936 et
670 1895 799 1935 facere
829 1894 1067 1935 fidelitatem
1097 1894 1258 1935 domino
1286 1894 1518 1947 imperatori
1549 1897 1590 1934 et
1618 1893 1699 1934 filio
1729 1893 1815 1935 eius
1838 1892 2012 1934 Henrico

476 1952 571 2005 regi,
601 1951 800 1992 vassallus
830 1951 936 1991 sicut
964 1951 1175 1999 vassallus,
1209 1950 1306 1991 civis
1336 1950 1442 1991 sicut
1471 1950 1580 1990 civis.
1623 1950 1676 1990 Et
1704 1961 1838 1991 comes
1869 1948 2012 1990 Savoie

475 2010 515 2048 et
553 2008 675 2048 ceteri
713 2007 916 2061 principes
954 2006 1207 2060 imperatoris
1247 2006 1461 2047 concordes
1505 2005 1671 2047 fuerunt
1714 2018 1808 2046 cum
1851 2004 2011 2046 domino

478 2063 628 2104 Ecilino
639 2063 678 2116 *)
717 2065 757 2103 et
793 2075 886 2103 cum
921 2063 1153 2104 consulibus
1188 2062 1398 2103 civitatum
1435 2063 1476 2102 et
1514 2061 1602 2102 aliis
1639 2061 1889 2114 sapientibus
1919 2060 2014 2101 civi-

475 2122 607 2160 tatum
636 2118 786 2159 ibidem
817 2118 1093 2167 existentibus,
1123 2118 1230 2170 quod
1261 2117 1457 2170 quidquid
1486 2117 1643 2158 iuretur
1671 2118 1744 2158 aut
1763 2117 1836 2158 fiat
1855 2129 1880 2157 a
1897 2118 2011 2170 parte

479 2175 795 2216 bombardorum
826 2176 867 2215 et
897 2175 983 2215 eius
1004 2174 1220 2224 societatis,
1250 2187 1330 2215 non
1352 2173 1500 2214 debent
1520 2185 1607 2214 esse
1628 2173 1797 2214 alicuius
1817 2172 2012 2214 momenti

475 2244 548 2272 nec
578 2231 726 2271 debent
755 2231 895 2271 obesse
926 2230 1065 2279 alicui,
1104 2230 1183 2271 nisi
1224 2229 1436 2271 concordia
1475 2232 1516 2270 et
1552 2242 1630 2282 pax
1667 2228 1776 2270 facta
1811 2228 1934 2269 fuerit
1963 2228 2014 2268 ab

475 2288 715 2340 imperatore
746 2288 786 2327 et
815 2287 900 2327 eius
930 2288 1046 2340 parte
1077 2286 1264 2327 omnibus
1295 2285 1525 2327 civitatibus
1556 2286 1598 2326 et
1625 2284 1722 2326 locis
1762 2285 1804 2326 et
1832 2283 2013 2339 personis

477 2343 680 2384 societatis
710 2342 960 2392 Lombardie,
990 2342 1180 2391 Marchie,
1210 2341 1389 2391 Venetie,
1419 2341 1627 2382 Romanie.

587 2399 641 2438 Et
669 2398 737 2439 isti
767 2401 866 2438 tnnc
895 2398 944 2438 de
974 2410 1219 2450 unaquaque
1249 2397 1410 2438 civitate
1448 2397 1684 2438 iuraverunt
1718 2397 1776 2438 ita
1806 2395 2014 2436 attendere

477 2457 518 2495 et
538 2455 701 2495 firmum
712 2455 739 2482 ยน0
760 2455 917 2495 tenere:
949 2454 1010 2495 De
1030 2454 1259 2495 Mediolano
1279 2454 1459 2495 Ubertus
1481 2452 1530 2494 de
1550 2453 1788 2502 Landriano,
1809 2451 1858 2492 de
1877 2451 2016 2492 Brixia

478 2511 664 2551 Albricus
695 2510 744 2550 de
775 2510 985 2560 Cauriano,
1014 2510 1063 2550 de
1092 2509 1253 2550 Verona
1280 2509 1477 2550 Vivianus
1506 2509 1815 2558 Advocatorum,
1844 2507 1893 2548 de
1922 2506 2016 2548 Pla-

478 2567 610 2607 centia
641 2565 895 2615 Guilielmus,
925 2566 974 2607 de
1003 2565 1180 2607 Tervisio
1212 2565 1461 2606 Gerardinus
1492 2565 1540 2605 de
1561 2564 1713 2618 Campo
1735 2563 1874 2605 Sancti
1893 2562 2015 2611 Petri,

479 2623 527 2663 de
550 2621 733 2663 Vicentia
755 2622 892 2664 Guazo
921 2622 1029 2662 filius
1051 2621 1253 2663 Guazonis
1281 2622 1472 2674 potestas,
1502 2621 1551 2661 de
1570 2621 1772 2673 Bergamo
1792 2619 2014 2661 Ubertinus

596 2741 634 2781 a)
659 2739 778 2773 Pertz:
805 2739 916 2773 debet.
964 2739 1001 2780 b)
1026 2738 1126 2771 Pertz
1151 2749 1184 2771 u.
1209 2737 1371 2780 Vignati:
1397 2737 1540 2771 firmam.

598 2786 628 2829 *)
653 2785 790 2818 Ezzelin
822 2796 851 2820 v.
877 2785 1042 2825 Romano,
1079 2784 1134 2817 ein
1168 2783 1203 2817 in
1230 2783 1290 2816 der
1313 2783 1412 2816 Mark
1437 2783 1571 2816 Verona
1602 2782 1800 2825 begiiterter
1822 2781 1946 2824 Edler3
1979 2792 2016 2815 er

481 2832 550 2865 und
575 2831 715 2865 Anselm
741 2843 770 2865 v.
798 2831 941 2871 Dovera,
977 2841 1039 2863 aus
1063 2830 1171 2863 einem
1196 2829 1419 2862 Kremoneser
1444 2828 1651 2862 Geschlecht
1675 2828 1878 2870 stammend,
1903 2838 2015 2861 waren

482 2878 536 2911 die
560 2878 732 2911 Rektoren
757 2877 817 2910 des
841 2876 991 2919 Bundes,
1018 2876 1074 2910 die
1097 2875 1228 2909 Fiihrer
1253 2875 1312 2908 des
1337 2874 1603 2908 Bundesheeres.
