2098 3432
477 303 556 343 194

472 413 619 466 peditis
657 412 881 465 periculum
919 411 1063 460 trahit,
1098 410 1331 463 frequenter
1359 410 1466 463 parit
1494 410 1836 463 opportunitatem
1867 421 2007 462 geren·

473 469 627 509 dorum.
674 468 885 520 Papiensis
916 469 957 507 et
984 467 1246 507 Placentinus
1276 466 1450 519 episcopi
1479 466 1578 506 satis
1609 467 1650 506 et
1678 478 1802 519 supra
1827 461 2025 514 modum‚‘

472 537 542 577 pro
572 526 697 577 parte,
736 536 839 575 quae
879 523 1042 564 confidit
1079 523 1121 562 in
1151 522 1333 571 homine,
1371 522 1577 563 sollicitati
1613 523 1726 571 sunt,
1763 521 1834 562 sed
1862 521 2007 562 neuter

473 593 613 621 eorum
642 580 846 620 consensit
875 579 1037 620 consilio
1068 580 1109 619 et
1129 579 1285 619 actibus
1306 578 1548 630 iniquorum,
1579 578 1771 630 quoniam
1797 578 2008 631 expectant

473 640 513 677 et
541 636 618 689 ipsi
646 648 819 688 regnum
848 635 1034 682 Domini;
1066 635 1122 675 eis
1152 636 1287 674 tamen
1317 634 1504 674 imminet
1533 634 1760 687 imperator,
1792 634 1840 674 ut-
1868 645 2008 674 eorum

473 692 651 745 exemplo
672 691 847 732 roborati
868 691 1102 732 remotiores
1125 691 1293 731 verbum
1322 689 1473 731 faciant
1505 702 1576 742 pro
1615 689 1785 730 veritate
1815 689 2008 737 securius,

472 747 732 788 ascendentes
771 760 818 788 ex
858 747 1023 788 adverso
1053 747 1262 799 luporum,
1301 758 1342 786 se
1373 747 1480 799 ipsos
1510 758 1675 786 murum
1718 746 1922 798 opponant
1947 744 2009 784 in-

472 803 781 857 expugnabilem
810 816 880 856 pro
909 803 1026 844 domo
1055 803 1194 843 Israel.
1251 802 1304 842 Et
1333 803 1430 854 quia
1458 801 1531 842 tibi
1568 814 1650 842 non
1688 801 1804 842 aliter
1833 813 1879 842 ac
1907 800 2006 841 mihi

472 861 548 913 ipsi
586 861 747 912 loquor,
788 859 979 911 quicquid
1016 858 1145 899 fervet
1173 859 1214 898 in
1244 859 1422 911 pectore,
1458 859 1645 911 patenter
1683 869 1890 910 exponam.
1947 856 2007 896 Tu

472 916 588 968 quasi
618 916 800 964 vicinior,
839 917 880 956 et
910 916 974 956 cui
1003 927 1141 956 rerum
1169 914 1290 955 facies
1320 913 1560 954 familiarius
1588 913 1822 962 innotescit,
1855 912 2006 966 poteris

472 973 520 1012 de
552 972 722 1024 singulis
752 972 913 1025 plenius
945 975 986 1012 et
1021 971 1181 1012 fidelius
1211 970 1400 1011 iudicare.
1432 970 1475 1011 Si
1495 969 1778 1010 schismaticus
1806 969 1918 1010 furor
1946 981 2010 1008 ro-

473 1029 623 1069 boratis
644 1028 829 1081 partibus
850 1029 987 1068 minus
1008 1027 1214 1080 ingruerit,
1244 1030 1301 1076 ut,
1322 1038 1446 1079 penes
1468 1037 1569 1078 quos
1591 1025 1781 1066 ecclesiae
1801 1025 2008 1066 Romanae

472 1086 631 1125 constet
651 1084 884 1134 auctoritas,
915 1096 1003 1125 esse
1032 1083 1161 1136 possit
1191 1082 1439 1134 ambiguum,
1467 1081 1569 1122 nihil
1597 1081 1699 1122 mihi
1730 1080 1889 1122 videtur
1917 1093 2010 1121 con-

471 1141 618 1181 sultius
639 1153 764 1193 quam
798 1139 1105 1193 praeelectionis
1127 1139 1372 1180 sententiam
1393 1138 1541 1179 differri
1562 1137 1605 1178 in
1626 1137 1734 1178 diem
1752 1136 2009 1178 revelationis

471 1197 567 1238 iusti
588 1197 725 1238 iudicii
740 1196 915 1246 Domini,
937 1196 1130 1248 quoniam
1150 1195 1220 1236 illa
1243 1195 1329 1236 sola
1349 1195 1434 1236 dies
1450 1195 1602 1236 victum
1622 1193 1780 1234 factura
1797 1193 2009 1234 nocentem

471 1255 543 1294 est.
603 1253 645 1294 Si
678 1253 854 1305 quidem,
883 1261 930 1293 ut
961 1252 1018 1293 ait
1047 1252 1126 1301 ille,

707 1320 863 1369 „Nulla
891 1332 1038 1360 manus
1068 1319 1162 1360 belli
1192 1320 1350 1359 mutato
1380 1317 1511 1359 iudice
1540 1329 1645 1370 pura
1674 1318 1770 1358 est-⁴

471 1376 524 1416 Et
553 1376 728 1417 hominis
757 1376 916 1417 iustitia
943 1376 1182 1417 meritorum
1210 1376 1382 1416 veritate
1411 1386 1492 1415 non
1521 1373 1661 1427 plane,
1691 1385 1773 1414 non
1801 1372 1920 1426 pleno
1949 1371 2010 1412 in-

471 1433 655 1482 tellectu,
692 1433 828 1485 aliqua
865 1432 1009 1473 erroris
1047 1432 1154 1472 nube
1183 1431 1423 1484 plerumque
1454 1430 1714 1471 subvertitur.
1771 1429 1826 1469 At
1853 1427 2010 1468 iustitia

471 1489 633 1529 Domini
669 1488 710 1528 in
751 1492 962 1529 aeternum
1000 1488 1157 1528 iustitia
1196 1489 1268 1528 est.
1333 1486 1504 1527 Interim
1540 1485 1666 1526 donec
1701 1484 1904 1525 illuminet
1941 1483 2010 1524 ab·

472 1545 654 1586 scondita
691 1545 972 1594 tenebrarum,
1010 1543 1256 1585 invocandus
1297 1546 1359 1583 est
1388 1543 1429 1583 et
1457 1541 1681 1594 rogandus,
1719 1543 1767 1581 ut
1795 1538 2009 1580 manifesto

471 1601 723 1642 demonstret
751 1601 908 1650 iudicio,
940 1613 1062 1653 quem
1082 1600 1166 1653 ipse
1186 1599 1406 1653 praeelegit
1428 1598 1606 1651 accipere
1628 1598 1778 1638 sortem
1797 1595 2010 1636 ministerii

470 1658 604 1698 huius.
663 1657 743 1698 Sed
754 1661 783 1689 ἢ)
813 1660 951 1697 tamen
979 1657 1082 1697 nihil
1113 1658 1185 1705 est,
1225 1655 1333 1708 quod
1371 1654 1597 1707 quaestioni
1626 1653 1748 1694 faciat
1775 1653 1910 1693 locum
1939 1654 2011 1692 aut

472 1714 656 1754 dubitare
695 1713 904 1766 permittat
940 1713 1003 1754 vel
1041 1712 1328 1753 Academicum
1365 1710 1448 1752 fere
1486 1710 1535 1751 ad
1566 1710 1702 1751 omnia
1730 1708 2009 1757 fluctuantem,

473 1783 601 1822 quum
639 1782 790 1811 novum
818 1782 892 1823 par
922 1769 1216 1810 decertantium
1245 1769 1286 1809 in
1315 1767 1498 1808 omnium
1527 1765 1775 1806 intuentium
1805 1766 2011 1817 stuporem

472 1827 643 1867 Domino
682 1826 942 1879 permittente
982 1824 1240 1878 processerit,
1279 1824 1373 1864 hinc
1401 1825 1488 1864 tota
1516 1823 1649 1863 stante
1692 1820 1877 1870 ecclesia,
1917 1819 2009 1860 inde

473 1883 566 1923 solis
589 1882 718 1923 tribus
739 1882 911 1934 flagellis
935 1881 1167 1922 arundineis
1197 1881 1239 1920 in
1270 1892 1324 1929 se,
1357 1879 1455 1920 dum
1485 1877 1666 1919 scindere
1695 1877 1898 1918 unitatem
1925 1888 2012 1916 mo-

472 1939 647 1987 liuntur,
687 1938 866 1979 divinam
894 1938 1206 1991 provocantibus
1234 1936 1441 1977 ultionem.
1501 1934 1545 1976 Si
1572 1945 1786 1987 personam
1814 1943 2011 1986 personae

472 1995 671 2043 conferas,
702 1995 804 2035 alter
832 1995 1036 2035 litteratus
1067 1995 1148 2043 est,
1176 1992 1395 2041 modestus,
1424 1990 1601 2040 humilis,
1643 1989 1822 2030 iustitiae
1851 1988 2010 2037 zelator,

474 2052 576 2092 alter
615 2051 743 2092 solam
775 2063 934 2104 semper
964 2050 1172 2103 amplexus
1203 2050 1266 2090 est
1294 2048 1527 2090 vanitatem.
1587 2046 1631 2087 Si
1660 2057 1827 2087 causam
1855 2055 2011 2092 causae,

474 2108 576 2148 alter
612 2107 782 2159 ingessit
820 2119 862 2148 se
892 2109 1090 2159 tanquam
1120 2105 1185 2145 fur
1214 2107 1254 2146 et
1282 2105 1385 2145 latro
1414 2116 1539 2144 manu
1568 2102 1766 2151 violenta,
1803 2099 2012 2153 exquisitis

474 2163 596 2213 dolis,
636 2175 782 2216 sponso
812 2163 1047 2215 indignante
1077 2162 1118 2202 in
1149 2173 1319 2214 sponsae
1350 2160 1558 2213 amplexus
1588 2158 1730 2206 irruit;
1769 2157 1871 2198 alter
1899 2157 2010 2197 casto

473 2220 625 2273 pudore
647 2219 839 2268 substitit,
874 2221 1094 2271 antequam
1114 2217 1437 2258 introduceretur
1467 2228 1490 2256 a
1519 2226 1677 2268 sponsa.
1724 2212 1844 2255 Unde
1873 2224 2012 2254 veren-

474 2276 592 2325 dum,
629 2288 680 2316 ne
723 2278 806 2316 tam
834 2275 1039 2316 manifesti
1070 2274 1230 2315 sceleris
1260 2273 1387 2314 dilata
1416 2271 1621 2313 damnatio
1653 2282 1775 2311 suum
1804 2267 2010 2310 schismati

475 2332 659 2374 videatur
687 2333 878 2385 praebere
908 2343 1162 2372 consensum.
1191 2335 1197 2348 “

586 2399 699 2440 Licet
736 2399 923 2440 dominus
954 2397 1258 2440 Cantuariensis
1287 2397 1482 2449 languore
1520 2394 1755 2447 gravissimo
1766 2424 1775 2442 ‚
1811 2393 1859 2433 ut
1894 2390 2012 2440 nosti,

475 2457 674 2505 teneatur,
704 2455 826 2496 huius
855 2458 994 2496 tamen
1013 2454 1253 2495 necessitate
1274 2452 1383 2494 verbi
1413 2465 1434 2492 c
1447 2464 1469 2492 0
1481 2464 1510 2491 11
1519 2464 1544 2492 v
1555 2463 1577 2491 0
1589 2463 1610 2491 0
1620 2450 1691 2491 ati
1703 2462 1721 2490 6
1751 2461 1807 2502 ep
1819 2449 1861 2489 is
1871 2460 1892 2489 c
1901 2460 1924 2490 0
1933 2460 1959 2501 p
1972 2447 2012 2488 is

477 2514 527 2553 et
556 2513 689 2553 clero
719 2512 858 2553 totiu
873 2525 892 2552 s
921 2511 1067 2564 regni
1096 2509 1329 2551 Londinu
1343 2521 1384 2548 m
1413 2507 1676 2561 properat,
1705 2506 1762 2546 ut
1789 2504 2012 2545 fratrum

477 2569 757 2610 convocato
799 2568 1035 2615 concilio,
1066 2565 1185 2619 quid
1215 2565 1353 2606 facto
1383 2576 1510 2617 opus
1540 2563 1626 2611 sit,
1666 2561 1870 2602 domino
1898 2558 2012 2612 regi

478 2637 498 2665 e
510 2637 586 2665 um
616 2637 706 2665 con
718 2625 799 2665 sul
813 2637 871 2665 en
884 2624 922 2664 ti
952 2622 1236 2675 significet.
1287 2621 1558 2668 Timebamus,
1577 2631 1628 2659 ne
1650 2630 1698 2659 ex
1717 2620 1844 2658 causa'
1858 2614 2013 2656 itineris

478 2681 651 2734 amplius
689 2682 927 2733 gravaretur
940 2694 949 2727 3
988 2679 1158 2731 ideoque
1190 2677 1395 2718 Acardum
1432 2677 1615 2717 vestrum
1644 2686 1716 2727 per
1745 2673 1900 2725 aliquot
1929 2670 2013 2733 dies

478 2736 633 2778 detinui
663 2736 906 2778 renitentem
917 2768 926 2784 ,
965 2739 1013 2776 ut
1042 2735 1090 2775 de
1122 2735 1233 2775 statu
1271 2732 1443 2782 domini,
1479 2732 1565 2785 ipso
1594 2730 1794 2771 referente
1825 2739 1927 2780 quae
1956 2739 2014 2768 Vl-

595 2868 628 2912 a)
655 2867 749 2902 Giles
760 2881 768 2902 2
794 2867 834 2902 si.
