2098 3432
439 268 519 307 112

438 378 564 418 siam
614 388 847 417 evomere
895 377 1352 429 presumpserunt,
1408 376 1563 416 talem
1618 377 1668 416 et
1714 378 1818 416 tam
1866 374 1972 415 evi-

439 434 641 473 dentem
700 431 1126 473 satisfactionem
1181 431 1336 472 faciat
1393 431 1647 480 exhiberi,
1707 434 1779 480 ut,
1835 431 1974 471 sicut

437 490 722 529 multorum
745 499 903 528 aures
926 487 1219 528 amaritudo
1250 487 1500 528 sermonis
1531 499 1703 528 eorum
1731 486 1972 535 offendit,

439 546 515 585 ita
555 544 709 584 etiam
749 543 1060 584 satisfactio
1100 543 1295 592 multos
1326 543 1383 584 ad
1412 543 1544 584 viam
1569 545 1764 584 rectam
1793 541 1974 583 debeat

438 612 686 641 revocare.
734 599 827 639 Non
849 600 1078 651 acquiescat
1097 599 1205 639 idem
1224 599 1332 639 filius
1362 600 1499 639 noster
1527 599 1701 639 consiliis
1730 598 1974 650 iniquorum,

439 656 663 697 consideret
676 655 896 696 novissima
916 657 957 695 et
977 655 1145 707 antiqua
1166 656 1207 695 et
1226 667 1297 707 per
1316 654 1428 695 illam
1443 654 1549 695 viam
1568 654 1738 704 incedat,
1758 666 1830 708 per
1850 665 1974 706 quam

438 712 689 752 Iustinianus
740 714 780 751 et
829 711 894 751 alii
945 711 1129 751 catholici
1177 710 1440 763 imperatores
1488 711 1699 751 incessisse
1741 710 1974 755 noscuntur.

440 768 632 820 Exemplo
671 767 871 818 siquidem
911 769 952 807 et
980 766 1203 807 imitatione
1233 767 1395 807 illorum
1425 767 1466 806 et
1493 766 1686 806 honorem
1715 766 1758 806 in
1787 765 1904 806 terris
1935 765 1976 805 et

440 824 673 864 felicitatem
693 823 734 862 in
765 823 885 863 caelis
915 823 990 863 sibi
1019 822 1166 875 poterit
1196 823 1413 862 cumulare.
1462 821 1544 862 Vos
1574 821 1708 871 etiam,
1739 821 1772 862 si
1801 833 1895 862 eum
1925 820 1975 861 ad

439 882 593 920 rectam
624 879 812 919 semitam
841 879 1101 927 reduxeritis,
1132 882 1172 918 et
1201 879 1318 919 beato
1347 878 1467 918 Petro
1506 878 1779 931 apostolorum
1806 876 1976 930 principi

441 939 603 988 gratum
642 935 875 987 dependetis
905 935 1145 986 obsequium
1175 936 1216 974 et
1244 933 1355 975 vobis
1386 935 1426 974 et
1455 934 1656 974 aecclesiis
1685 933 1829 975 vestris
1859 944 1976 973 suam

441 991 727 1032 conservabitis
757 991 999 1034 libertatem.
1048 991 1239 1042 Alioquin
1268 990 1425 1031 noverit
1455 989 1680 1040 antedictus
1709 989 1820 1030 filius
1838 990 1977 1030 noster

441 1060 488 1088 ex
519 1047 805 1088 ammonitione
835 1049 989 1095 vestra,
1023 1046 1179 1087 noverit
1208 1059 1255 1086 ex
1284 1045 1559 1098 promissionis
1590 1045 1846 1098 euangelicae
1875 1044 1977 1086 veri-

440 1106 536 1152 tate,
558 1103 664 1155 quod
686 1104 940 1143 sacrosancta
959 1103 1144 1143 Romana
1164 1101 1357 1143 aecclesia
1376 1114 1498 1154 super
1517 1101 1791 1142 firmissimam
1809 1103 1978 1154 petram,

440 1160 525 1200 Deo
557 1155 794 1208 collocante,
832 1158 1023 1207 fundata,
1053 1160 1383 1210 quantocumque
1411 1158 1625 1198 verborum
1654 1157 1816 1198 turbine
1846 1155 1978 1209 quati—

442 1217 545 1263 atur,
574 1216 615 1255 in
647 1227 722 1255 sua
750 1215 954 1263 firmitate,
984 1215 1219 1267 protegente
1239 1214 1423 1262 Domino,
1452 1214 1493 1253 in
1524 1213 1707 1254 seculum
1736 1213 1861 1253 seculi
1889 1224 1978 1266 per-

440 1271 631 1312 manebit.
680 1271 766 1311 Nec
787 1273 935 1320 autem,
965 1271 1071 1311 sicut
1089 1270 1229 1318 nostis,
1260 1270 1420 1310 deceret
1440 1282 1533 1310 eum
1557 1271 1644 1310 tam
1674 1269 1843 1310 arduam
1870 1268 1979 1309 viam

443 1328 594 1379 absque
624 1328 758 1368 vestro
787 1327 950 1367 consilio
982 1327 1269 1379 attemptasse3
1300 1325 1407 1366 unde
1438 1325 1658 1374 credimus,
1689 1324 1797 1377 quod
1827 1323 1978 1365 auditis

443 1383 798 1424 ammonitionibus
818 1383 962 1423 vestris
985 1382 1173 1423 facillime
1202 1382 1350 1435 poterit
1379 1381 1429 1422 ad
1459 1381 1617 1434 frugem
1647 1381 1815 1422 sanioris
1845 1379 1980 1429 studii,

443 1440 547 1480 sicut
576 1440 636 1480 vir
666 1438 862 1480 discretus
894 1440 934 1479 et
961 1439 1183 1492 imperator
1213 1437 1444 1486 catholicus,
1472 1437 1660 1478 revocari.

586 1571 630 1618 d)
663 1570 888 1614 sehr-eihan
920 1571 994 1614 der
1024 1568 1250 1614 deutschen
1283 1568 1476 1613 Bischofe
1507 1580 1559 1612 an
1591 1569 1668 1612 den
1699 1568 1838 1622 papst.

903 1644 1096 1688 fflagewin,
1122 1642 1230 1678 Gesta
1253 1642 1346 1678 Frid.
1370 1642 1434 1685 111,
1463 1642 1530 1686 17.)

554 1709 750 1760 Quamvis
789 1709 964 1750 sciamus
995 1711 1036 1750 et
1065 1709 1163 1750 certi
1194 1709 1341 1758 simus,
1383 1708 1490 1761 quod
1521 1707 1756 1748 aecclesiam
1784 1706 1861 1748 Dei
1889 1706 1982 1747 fun-

445 1766 583 1806 datam
619 1778 742 1818 supra
779 1765 940 1806 firmam
972 1767 1132 1818 petram
1166 1778 1298 1817 neque
1328 1765 1438 1806 venti
1466 1776 1598 1816 neque
1629 1763 1799 1804 flumina
1826 1764 1982 1816 tempe-

445 1824 599 1862 statum
629 1821 787 1875 possint
816 1822 990 1870 deicere,
1019 1834 1092 1862 nos
1122 1823 1260 1862 tamen
1289 1821 1528 1861 infirmiores
1559 1821 1600 1860 et
1627 1819 1918 1873 pusillanimes,
1947 1818 1982 1859 si

446 1878 607 1930 quando
656 1878 887 1919 huiusmodi
929 1877 1172 1930 contigerint
1215 1877 1412 1930 impetus,
1459 1876 1712 1917 concutimur
1748 1877 1790 1916 et
1825 1876 1982 1916 contre-

445 1934 665 1975 miscimus.
719 1934 819 1974 Inde
848 1935 1044 1974 nimirum
1075 1933 1249 1986 graviter
1278 1932 1505 1974 conturbati
1535 1944 1678 1972 sumus
1707 1934 1748 1972 et
1776 1930 1982 1972 conterriti

445 2003 566 2043 super
586 1990 650 2030 his
681 2002 784 2042 quae
815 1990 920 2030 inter
938 1991 1117 2030 vestram
1147 1989 1407 2030 sanctitatem
1437 1990 1478 2029 et
1507 1987 1636 2028 filium
1654 1988 1838 2029 vestrum
1865 1986 1983 2028 devo-

445 2047 661 2095 tissimum,
691 2046 902 2086 dominum
930 2047 1117 2086 nostrum
1145 2045 1441 2098 imperatorem,
1470 2043 1608 2096 magni
1637 2043 1745 2093 mali,
1773 2043 1852 2084 nisi
1870 2042 1982 2083 Deus

448 2103 623 2151 avertat,
663 2102 927 2143 seminarium
963 2102 1171 2155 prebitura
1201 2101 1400 2142 videntur.
1458 2099 1660 2152 Equidem
1689 2111 1714 2140 a
1741 2098 1874 2140 verbis
1902 2098 1983 2139 illis

447 2171 551 2210 quae
590 2158 632 2198 in
670 2158 818 2198 litteris
854 2158 999 2199 vestris
1029 2158 1361 2205 continebantur,
1400 2168 1502 2209 quas
1530 2168 1602 2208 per
1630 2155 1799 2196 nuncios
1827 2155 1983 2196 vestros

446 2214 782 2267 prudentissimos
803 2215 844 2254 et
858 2213 1176 2262 honestissimos,
1197 2213 1406 2254 dominum
1420 2211 1705 2253 Bernhardum
1720 2212 1761 2252 et
1775 2210 1984 2252 dominum

446 2270 678 2311 Rolandum
699 2270 995 2319 cancellarium,
1014 2269 1262 2311 venerabiles
1282 2268 1526 2322 presbiteros
1547 2267 1782 2316 cardinales,
1802 2265 1983 2315 misistis,

447 2328 648 2367 commota
668 2328 730 2367 est
750 2326 939 2367 universa
965 2338 1032 2366 res
1062 2325 1223 2378 publica
1251 2324 1408 2378 imperii
1436 2324 1586 2371 nostri;
1618 2335 1735 2364 aures
1763 2321 1984 2376 imperialis

447 2383 650 2436 potentiae
692 2394 739 2422 ea
777 2382 983 2435 pacienter
1020 2381 1159 2422 audire
1198 2393 1279 2421 non
1316 2382 1538 2433 potuerunt
1566 2391 1698 2431 neque
1729 2390 1847 2419 aures
1875 2378 1985 2431 prin-

449 2439 584 2492 cipum
622 2438 841 2485 sustinere3
879 2450 1018 2478 omnes
1055 2437 1113 2478 ita
1150 2437 1437 2478 continuerunt
1465 2448 1583 2476 aures
1613 2447 1728 2484 suas,
1765 2433 1871 2487 quod
1899 2446 1984 2483 nos,

449 2495 561 2536 salva
601 2494 732 2547 gratia
769 2495 925 2535 vestrae
967 2493 1244 2534 sanctissimae
1282 2492 1551 2545 paternitatis,
1596 2503 1644 2532 ea
1679 2490 1784 2531 tueri
1821 2490 1986 2543 propter

450 2551 659 2592 sinistram
681 2549 958 2602 ambiguitatis
978 2549 1354 2602 interpretationem
1374 2549 1438 2589 vel
1459 2559 1658 2589 consensu
1679 2546 1813 2599 aliquo
1843 2557 1986 2599 appro-

450 2608 544 2648 bare
580 2619 655 2647 nec
692 2605 889 2647 audemus
927 2617 1001 2646 nec
1037 2617 1273 2658 possumus,
1312 2617 1357 2645 eo
1398 2603 1505 2656 quod
1543 2603 1705 2644 insolita
1734 2605 1775 2643 et
1801 2601 1986 2642 inaudita

450 2663 616 2704 fuerunt
659 2674 789 2714 usque
834 2662 883 2702 ad
929 2661 1029 2702 haec
1065 2663 1259 2715 tempora.
1316 2660 1493 2700 Litteras
1532 2660 1688 2708 autem,
1733 2669 1835 2710 quas
1870 2657 1985 2698 nobis

450 2719 630 2768 misistis,
659 2718 796 2759 debita
825 2730 918 2758 cum
938 2717 1164 2758 reverentia
1192 2716 1458 2769 suscipientes
1488 2717 1528 2755 et
1549 2715 1850 2768 amplectentes,
1878 2725 1986 2754 com—

450 2775 683 2816 monuimus
712 2774 842 2814 filium
871 2775 1064 2822 vestrum,
1093 2773 1303 2814 dominum
1333 2773 1519 2812 nostrum
1548 2771 1852 2824 imperatorem,
1882 2769 1987 2810 sicut

450 2831 638 2880 iussistis,
668 2832 710 2871 et
739 2831 788 2871 ab
817 2842 863 2871 eo
892 2841 1143 2883 responsum,
1173 2829 1259 2869 Deo
1290 2827 1453 2880 gratias,
1482 2827 1710 2880 accepimus
1738 2825 1838 2875 tale,
1867 2824 1986 2877 quale
