2098 3432
1636 250 1687 290 81

119 378 295 420 cumque
333 364 537 407 iustitiam
577 366 618 406 et
656 364 853 407 honorem
884 363 1019 417 Regni
1064 364 1302 405 conculcare
1341 365 1414 405 aut
1450 363 1688 404 subvertere

47 457 49 461 .
119 436 223 470 ausu
251 423 469 464 temerario
499 422 848 477 presumpserint,
888 421 1080 463 dominus
1121 434 1288 475 papaa
1324 421 1436 474 regie
1477 420 1690 474 dignitatis

122 480 336 524 dilectione
367 480 626 535 premonitus
659 493 727 522 eos
758 479 808 521 ad
837 478 1161 521 satisfactionem
1183 479 1373 520 canonice
1395 478 1691 527 eommonebit;

117 537 226 594 qnod
265 537 301 580 si
340 537 428 591 regi
468 537 520 579 ad
559 537 826 591 apostolicam
869 536 1206 578 ammonitionem
1246 535 1296 577 de
1337 535 1426 577 iure
1466 539 1507 577 et
1536 536 1691 577 honore

118 595 230 650 regio
268 594 473 636 iustitiam
505 595 694 637 exhibere
731 594 1075 648 contempserint,
1125 593 1557 635 excommunicationis
1599 605 1691 634 sen-

117 652 250 697 tentia
286 651 547 694 innodentur.
606 651 711 705 Regi
757 652 883 693 etiam
929 651 1156 693 Grecorum
1202 664 1250 692 ex
1288 651 1370 692 ista
1408 654 1526 705 parte
1564 651 1691 692 maris

118 711 273 754 terram
293 723 377 752 non
398 709 615 757 concedet;
649 709 758 763 quod
780 709 814 751 si
835 709 905 750 ille
935 708 1128 750 invadere
1158 709 1468 763 presumpserit,
1501 708 1692 750 dominus

19 813 23 819 ,
76 765 77 769 ’
115 779 225 825 papa
253 767 411 810 iuribus
441 767 551 809 beati
582 766 695 808 Petri
727 779 823 808 eum
853 766 1003 808 reicere
1035 766 1206 808 curabit.

108 856 125 874 ,η
228 824 318 867 Hec
337 825 475 867 omnia
496 837 544 867 ex
564 826 742 878 utraque
762 825 879 878 parte
902 823 989 866 sine
1010 823 1154 865 fraude
1178 827 1218 865 et
1238 823 1347 865 malo
1369 823 1532 876 ingenio
1555 835 1692 864 serva-

19 899 23 903 ·
116 882 281 933 buntur,
295 881 375 924 nisi
396 882 499 924 forte
515 882 643 924 libero
661 884 702 923 et
718 881 926 923 communi
947 893 1148 923 consensu
1170 881 1389 934 utriusque
1406 882 1692 922 immutentur,

22 1604 29 1607 ³
20 1567 22 1585 ”
22 1486 48 1546 η’,
18 1398 34 1434 Γέ
19 1367 37 1382 “.
23 1299 39 1354 ..=.,
29 1279 37 1287 -.
16 1110 50 1209 auf-“2

112 938 260 983 Testes
281 941 433 990 autem,
465 952 643 993 quorum
671 939 840 981 nomina
861 939 1094 993 subscripta
1114 938 1317 988 videntur,
1347 937 1554 980 Arnoldus
1576 938 1693 980 Colo-

47 1027 59 1042 .
116 997 272 1040 niensis
301 997 664 1052 Archiepiscopus,
694 996 960 1038 Hermannus
992 995 1321 1038 Constantiensis
1353 996 1579 1050 episcopus,
1609 997 1693 1036 An-

117 1055 273 1098 selmus
293 1054 608 1108 Avelbergensis
630 1055 856 1108 episcopus,
877 1053 1040 1095 Ardicio
1062 1053 1275 1095 Cumanus
1297 1053 1522 1108 episcopus,
1553 1053 1695 1106 (Adai-

117 1112 275 1213 gottus)
296 1111 510 1155 Curiensis
532 1112 759 1166 episcopus,
780 1111 1012 1153 Wilbaldus
1035 1110 1294 1153 Stabulensis
1315 1111 1466 1160 Abbas,
1496 1111 1692 1152 Albertus

150 1169 368 1212 oloniensis
390 1169 582 1220 decanus,
610 1169 810 1223 Magister
830 1169 1035 1210 Henricus
1056 1169 1254 1218 notarius,
1279 1168 1535 1210 Gottifredus
1557 1168 1693 1209 Viter-

115 1226 268 1270 biensis
299 1226 546 1282 CapeUanus
576 1227 707 1280 regis:
750 1239 798 1268 ex
827 1226 941 1267 laicis
973 1238 1137 1279 quoque
1168 1226 1343 1280 Welpho
1375 1226 1477 1275 dux,
1507 1226 1692 1267 Marchio

116 1282 382 1327 Hermannus
412 1284 462 1326 de
483 1284 639 1334 Baden,
671 1284 819 1327 Comes
840 1283 1018 1326 Ulricus'
1040 1283 1089 1325 de
1120 1283 1373 1333 Lenzburch‚
1406 1283 1554 1325 Comes
1574 1283 1692 1325 Wer-

114 1353 239 1384 uerus
269 1341 318 1383 de
348 1341 609 1392 Lensburch,
639 1342 863 1383 Anselmus
895 1340 1157 1383 Camerarius
1189 1343 1230 1383 et
1260 1341 1541 1382 ministerialis
1572 1341 1693 1394 regis.

231 1398 408 1453 Signum
429 1399 584 1442 domini
605 1399 810 1441 Frederici
830 1399 1115 1441 Romanorum
1136 1398 1397 1453 imperatoris
1420 1398 1692 1440 invictissimi.

228 1456 316 1511 Ego
349 1457 554 1499 Arnoldus
586 1456 865 1499 Cancellarius
896 1455 1124 1510 recognovi.

227 1513 386 1556 Datum
407 1514 649 1557 Constantie
669 1514 719 1556 X.
740 1514 833 1556 Kal.
856 1514 1020 1568 Aprilis,
1051 1513 1280 1556 Indictione
1302 1513 1391 1554 XV.
1424 1526 1530 1555 anno
1562 1513 1691 1555 domi-

117 1570 206 1614 nice
237 1571 531 1614 incarnationis
552 1572 721 1615 MCLII.
751 1573 951 1626 regnante
983 1571 1149 1613 domino
1171 1571 1386 1613 Frederico
1407 1572 1691 1613 Romanorum

116 1634 218 1683 rege
243 1629 430 1683 glorioso,
461 1642 567 1672 anno
597 1642 692 1672 vero
723 1629 857 1683 Regni
887 1629 974 1670 eius
1005 1629 1185 1683 primos>

39 1786 42 1787 ⁷
111 1818 272 1876 xxvm.
300 1819 535 1877 Friedriehs
555 1820 693 1877 erstcs
711 1820 930 1877 schreiben
950 1836 1003 1877 an
1028 1820 1176 1876 Kaiser
1202 1820 1377 1884 Manuel,
1393 1819 1504 1890 Sept.
1533 1819 1692 1884 1153.*)

402 1908 509 1953 (Wib.
535 1919 614 1953 epp.
639 1919 691 1942 nr.
719 1910 808 1950 4103
834 1906 936 1950 Jaffe'‚
963 1906 1184 1941 Bibliotheca
1210 1906 1239 1950 Ι,
1267 1910 1334 1942 548
1360 1907 1398 1951 f.)

231 1977 333 2024 [Otto
357 1978 447 2014 Fris.
474 1978 585 2014 Gesta
609 1978 663 2021 Π,
701 1989 728 2013 c.
758 1981 798 2012 11
836 1978 915 2021 (das
948 1977 1233 2022 vorausgehende
1258 1977 1401 2022 Kapitel
1434 1976 1590 2011 befindet
1616 1976 1691 2010 sich

113 2035 167 2060 ω’.
191 2025 321 2070 XXVI,
347 2025 712 2070 Schlussanmerkung
736 2025 868 2060 meiner
894 2024 1131 2070 Sammlung):
1159 2024 1260 2060 Circa
1279 2025 1372 2059 idem
1399 2027 1549 2070 tempus,
1574 2035 1692 2058 mense

112 2071 329 2155 ffltembri,
364 2073 538 2120 principes
570 2072 788 2118 maioresque
821 2072 1005 2107 Baioariae
1039 2084 1059 2106 a
1091 2083 1173 2117 rege
1198 2072 1414 2118 Ratisponae
1440 2073 1691 2114 convocantur;

206 2119 317 2155 nichil
349 2120 400 2155 ibi
434 2120 477 2156 de
508 2121 598 2155 bono
622 2120 720 2166 pacis
744 2120 779 2154 in
808 2120 871 2154 illa
895 2120 1073 2166 provincia
1099 2122 1241 2165 propter
1267 2119 1413 2154 duorum
1440 2119 1565 2153 ducum
1593 2119 1693 2153 litem

27 2151 43 2175 ξ’
112 2166 294 2202 terminari
318 2169 468 2214 poterat.
518 2168 592 2202 Rex
617 2170 755 2210 tamen,
793 2167 876 2213 quia
909 2178 978 2202 non
1016 2167 1127 2201 multo
1160 2169 1241 2201 ante
1275 2166 1362 2201 haec
1395 2178 1457 2212 per
1483 2166 1693 2212 apostolicae

45 2231 49 2234 ⁴
113 2213 208 2250 sedis
240 2214 376 2260 legatos
412 2216 456 2250 ab
489 2226 595 2250 uxore
630 2226 694 2250 sua
724 2215 766 2250 ob
803 2214 979 2249 vinculum
1014 2214 1333 2259 consanguinitatis
1359 2216 1542 2260 separatus
1566 2214 1692 2258 fuerat,

229 2334 264 2380 a)
289 2335 362 2370 Der
391 2335 597 2381 Monatstag
621 2338 720 2382 passt
745 2337 783 2371 in
813 2336 876 2370 das
910 2335 1062 2370 Itinerar
1097 2334 1313 2375 Friedrich&
1353 2334 1511 2379 dagegen
1546 2335 1602 2369 die
1635 2335 1692 2369 In-

113 2379 269 2426 diktion,
296 2382 352 2418 die
375 2382 607 2428 Regierungs-
642 2396 675 2419 u.
702 2383 910 2418 Jahreszahl
935 2382 1015 2417 sind
1040 2394 1080 2416 zu
1107 2382 1239 2416 andern
1263 2382 1319 2416 in:
1350 2382 1423 2416 ind.
1449 2382 1489 2426 1.‚
1517 2393 1547 2416 a.
1582 2382 1614 2417 d.
1640 2382 1691 2416 in-

114 2428 326 2464 carnationis
349 2429 530 2474 MCLIII.‚
565 2442 595 2466 a.
621 2431 721 2476 regni
746 2431 821 2466 eius
846 2431 892 2465 H.
941 2429 1160 2472 Watterich,
1195 2430 1297 2464 Pont.
1322 2429 1422 2464 Rom.
1448 2429 1520 2464 Vit.
1547 2429 1594 2472 Π,
1621 2432 1690 2464 320

113 2478 295 2520 vemutet,
322 2476 404 2512 dass
435 2477 546 2512 durch
578 2478 677 2513 einen
702 2478 827 2513 Fehler
862 2478 923 2512 des
959 2477 1211 2512 Abschreibers
1237 2477 1331 2518 diese
1365 2477 1481 2511 Daten
1515 2488 1578 2511 aus
1612 2477 1689 2511 den]

113 2521 433 2569 Vortragsentwurf
453 2525 490 2560 in
516 2525 572 2560 die
597 2525 727 2570 konigl.
746 2524 1182 2569 Ausfertigungsurkunde
1204 2524 1559 2568 heriibergenommen
1585 2524 1689 2558 seien.

233 2571 269 2608 *i
295 2565 391 2606 Uber
417 2572 511 2607 diese
535 2574 627 2607 erste
654 2571 932 2608 Gesandtschaft
956 2571 1155 2606 Friedrichs
1183 2571 1274 2605 nach
1300 2571 1437 2616 Byzanz
1462 2583 1496 2606 u.
1523 2572 1610 2606 iiber
1635 2571 1690 2605 die

110 2615 168 2652 im·
190 2617 471 2664 vorhergehende
497 2631 529 2654 u.
547 2619 800 2665 nachfolgende
817 2619 1045 2665 griechische,
1072 2618 1174 2653 sowie
1200 2619 1286 2653 iiber
1303 2619 1359 2653 die
1377 2619 1496 2653 zweite
1522 2618 1690 2653 deutsche

111 2663 282 2710 Legation
315 2666 384 2711 vgl.
417 2666 566 2712 Jungfer
591 2678 622 2703 a.
649 2678 680 2702 a.
707 2666 748 2703 O.
775 2667 809 2702 S.
839 2669 882 2702 12
907 2667 964 2710 ff.;
1001 2666 1151 2708 Detloff,
1187 2665 1259 2700 Der
1292 2668 1384 2700 erste
1408 2666 1606 2710 Romerzug
1643 2665 1687 2700 K.

31 2718 47 2753 J
110 2709 309 2748 Friedrichs
333 2713 362 2748 I.
391 2716 549 2758 1154s55
573 2713 607 2750 S.
636 2717 680 2750 27
705 2714 749 2754 f.;
778 2713 1006 2749 Giesebrecht
1029 2713 1072 2756 V,
1099 2715 1144 2748 32
1169 2713 1208 2756 f.‚
1233 2716 1296 2756 373
1331 2713 1592 2756 Dombrowski,
1619 2712 1691 2747 An-

14 2770 46 2793 ³..
111 2757 198 2794 selm
222 2771 254 2795 v.
279 2759 481 2806 Havelberg
504 2760 538 2797 S.
565 2764 611 2796 48
635 2761 691 2805 ff.;
717 2761 903 2807 Kap-Herr
928 2772 958 2795 a.
987 2772 1016 2796 a.
1041 2759 1084 2796 O.
1113 2759 1146 2794 S.
1176 2762 1220 2795 52
1246 2760 1280 2795 ff.
1306 2760 1444 2794 Exkurs
1470 2763 1501 2795 3.
1553 2759 1690 2794 Sowohl

112 2804 247 2841 Detloff
268 2807 321 2842 als
346 2806 575 2843 Giesebrecht
598 2809 774 2844 erblicken
799 2809 835 2843 in
863 2808 924 2842 der
949 2807 1075 2852 obigen
1093 2807 1200 2841 Stelle
1226 2807 1282 2841 bei
1301 2806 1386 2842 Otto
1404 2807 1492 2842 Fris.
1513 2806 1623 2842 Gesta
1639 2807 1688 2850 ΙΙ,

115 2861 144 2888 c.
172 2855 212 2888 11
240 2853 316 2889 eine
340 2854 591 2890 Kombination
617 2856 738 2891 zweier
765 2855 1096 2898 Gesandtschaften,
1122 2866 1188 2888 von
1215 2854 1326 2888 denen
1352 2854 1408 2888 die
1433 2854 1509 2888 eine
1533 2854 1581 2888 im
1607 2854 1690 2899 Sep-

113 2899 248 2935 member
274 2904 364 2937 1153
389 2913 455 2937 von
478 2902 708 2948 Regensburg
735 2914 809 2947 aus,
838 2903 893 2937 die
911 2902 1038 2937 andere
1055 2902 1104 2936 im
1121 2901 1257 2936 Herbst
1276 2904 1365 2937 1154
1384 2901 1612 2946 abgeschickt
1628 2901 1688 2936 sei.

185 2967 340 3003 Deberi,
362 2970 485 2996 Menum.
507 2970 639 2996 German.
662 2970 764 2996 selecta
785 2972 812 2997 4.
1437 2949 1462 2990 6
