2098 3432
450 353 531 392 276

452 463 537 506 [19]
564 460 729 496 Civitates
757 458 889 492 munire
905 460 941 492 et
958 459 960 480 ¹
979 459 1064 502 [19]
1092 457 1258 492 Civitates
1286 456 1418 491 munire
1434 456 1470 490 et

450 510 546 542 extra
586 505 792 540 munitiones
831 504 940 538 facere
959 518 961 521 ’
978 505 1075 538 extra
1113 503 1319 537 munitiones
1361 503 1469 536 faeere

450 555 499 588 eis
524 553 637 594 liceat,
664 560 733 586 nee
757 549 872 584 alicui
896 549 940 584 de
960 550 961 566 ³
978 549 1027 584 eis
1051 550 1163 584 liceat.

450 599 644 643 societate,
669 596 823 641 quinon
840 595 891 630 sit
902 595 941 629 in
960 600 961 613 ¹

450 645 634 681 comitatu
652 643 712 678 vel
728 642 943 687 episcopatu
960 651 961 655 ¹

451 691 510 727 vel
555 689 732 725 districtu
784 687 943 722 alieuius

450 736 617 773 civitatis
626 735 685 770 vel
693 735 739 770 de
749 734 944 778 societate,

451 784 618 819 castrum
654 781 713 816 vel
751 780 943 815 civitatem
962 777 963 791 ¹

451 829 509 865 vel
546 828 664 863 ullam
697 826 943 861 munitionem

451 876 576 911 facere
590 873 648 909 vel
660 872 814 908 reficere
830 871 946 906 liceat
962 875 963 879 ’

452 921 591 965 absque
624 918 778 954 consilio
809 918 848 953 et
882 927 964 954 vo-l

452 967 602 1002 luntate
625 965 742 1011 ipsius
765 963 944 999 civitatis.
962 963 963 972 ¹

454 1015 540 1058 [20]
596 1013 685 1046 Item
733 1010 943 1052 societatem,
962 992 964 1032 ,
983 1012 1069 1055 [20.]
1128 1010 1216 1044 Item
1265 1009 1473 1051 societatem,

453 1071 555 1105 quam
569 1069 659 1093 nunc
670 1058 811 1099 habent,
829 1058 944 1090 tenere
982 1068 1084 1102 quam
1100 1067 1191 1090 nunc
1206 1056 1345 1097 habent,
1361 1057 1475 1089 tenere

453 1109 498 1149 et,
523 1105 682 1151 quociens
699 1103 877 1145 voluerint,
895 1112 946 1135 re-
981 1105 1027 1146 et,
1053 1103 1186 1148 quoties
1211 1101 1390 1143 voluerint,
1426 1111 1477 1135 re-

453 1163 575 1186 novare
600 1150 649 1185 eis
673 1150 786 1184 liceat.
981 1160 1104 1184 novare
1129 1148 1178 1182 eis
1202 1148 1314 1182 liceat.

455 1291 541 1335 [21]
595 1288 775 1323 Paetiones
824 1286 946 1320 timore
983 1289 1068 1332 [21.]
1127 1286 1306 1320 Pactiones
1353 1285 1474 1320 timore

454 1335 670 1382 imperatoris
706 1334 758 1368 vel
793 1343 853 1378 per
884 1332 944 1366 im·
981 1333 1196 1379 imperatoris
1229 1332 1281 1366 vel
1305 1330 1475 1376 impressi-

456 1380 864 1428 pressionemnuntiorum
873 1379 945 1412 eius
982 1391 1044 1414 one
1068 1379 1265 1414 nuntiorum
1290 1378 1362 1412 eius
1386 1377 1475 1411 facte

455 1430 585 1463 extol-te
614 1428 649 1462 in
674 1426 810 1461 irritum
842 1425 945 1459 dedu·
982 1437 1042 1471 pro
1090 1425 1226 1460 infectis
1273 1425 1474 1465 habeantur,

456 1477 588 1516 «antur,
623 1475 709 1519 puta
719 1473 747 1506 a)
778 1471 947 1505 Placenti·
983 1483 1044 1506 nec
1081 1483 1140 1517 pro
1172 1471 1216 1505 iis
1250 1469 1388 1515 aliquod
1420 1479 1475 1503 ex-

456 1532 577 1557 norum
587 1522 622 1555 et
633 1518 781 1565 episcopi
790 1517 949 1552 Paduani
983 1519 1116 1563 igatur,
1176 1519 1261 1562 puta
1307 1515 1477 1550 Placenti-

457 1569 496 1603 et
525 1564 797 1603 veronensium
821 1564 861 1599 et
883 1563 948 1599 vi·
984 1575 1114 1607 norum,
1150 1563 1294 1598 seilicet
1324 1565 1476 1607 pactum

458 1614 695 1649 centinorum
712 1610 847 1646 civium
858 1610 901 1654 *),
915 1611 951 1643 et
984 1610 1108 1656 pontis
1130 1609 1225 1645 Padi
1249 1610 1288 1644 et
1312 1609 1440 1643 fictum
1450 1609 1477 1641 a)

459 1661 486 1694 si
513 1671 576 1705 que
594 1660 675 1693 sunt
689 1657 827 1692 similes,
852 1656 902 1690 Et
916 1655 949 1690 si
986 1656 1150 1692 eiusdem
1165 1655 1290 1701 pontis
1316 1656 1354 1690 et
1366 1663 1477 1696 rega-

459 1706 548 1750 quid
572 1715 621 1741 ex
642 1704 699 1738 his
715 1701 951 1749 pactionibus
986 1703 1079 1737 lium
1087 1702 1308 1738 etdatumet
1339 1701 1478 1745 actum,

460 1752 632 1797 debetur,
656 1749 892 1786 remittatur.
987 1749 1084 1793 quod
1098 1749 1288 1794 episeopus
1333 1756 1379 1790 go
1392 1747 1481 1782 feeit

987 1796 1032 1830 de
1057 1797 1182 1830 castro
1198 1794 1363 1829 Areuato
1372 1797 1416 1839 b),
1442 1795 1481 1828 et

987 1842 1019 1876 si
1043 1851 1118 1885 qua
1151 1840 1228 1875 alia
1259 1841 1361 1875 facta
1393 1840 1481 1875 sunt

988 1887 1128 1923 similia
1153 1887 1296 1932 abipso
1312 1886 1480 1932 episcopo

988 1934 1047 1969 vel
1083 1944 1107 1968 a
1137 1932 1326 1968 communi
1363 1932 1422 1968 vel
1457 1942 1481 1966 a

989 1980 1065 2015 suis
1101 1980 1145 2015 de
1179 1979 1358 2015 societate
1396 1988 1479 2014 cum

462 2057 541 2118 ma)
563 2055 664 2109 Pertz
701 2074 772 2109 und
810 2073 953 2117 Vignati
994 2055 1007 2056 W
1037 2075 1073 2108 a)
1100 2053 1206 2107 Zoff
1496 2102 1498 2109 ,,

462 2121 637 2156 schreiben
662 2121 750 2155 nach
767 2119 953 2154 Muratori:
1035 2120 1071 2163 b)
1098 2118 1213 2154 Castel
1245 2118 1400 2163 Arquato
1425 2128 1482 2151 sW.

462 2170 572 2213 pacta.
622 2167 699 2211 Vgl.
741 2166 795 2200 die
833 2165 955 2200 beiden
991 2179 1021 2200 v.
1046 2166 1221 2200 Piaoenza.

463 2214 610 2248 anderen
635 2213 842 2247 Urkunden!

522 2268 553 2311 *)
590 2267 655 2301 Die
690 2267 858 2310 vertrage
898 2265 958 2300 der

464 2313 680 2348 Placentiner
718 2313 795 2347 sind
829 2313 865 2346 in
899 2312 958 2346 der

463 2359 641 2395 Concessio
666 2359 735 2393 und
760 2359 795 2393 in
813 2358 872 2393 der
888 2358 959 2392 Pax

463 2404 960 2495 {ssfflfflffigzeffiwssiss
976 2419 979 2444 ⁹

465 2510 527 2533 von
553 2498 673 2532 Padua
707 2497 813 2532 denkt
841 2497 961 2531 Ficker

466 2557 509 2579 an
543 2545 604 2578 das
630 2543 842 2578 Abkommen
877 2543 961 2577 iiber

465 2591 569 2626 Sacco
601 2601 676 2624 vom
699 2590 731 2625 J.
760 2592 841 2624 1161
873 2589 961 2634 (Mu-

466 2637 590 2679 ratori,
626 2635 864 2681 Antiquitates
900 2635 979 2675 VI,·

466 2683 559 2728 243),
608 2683 673 2716 Die
696 2682 862 2726 Vertrage
896 2692 960 2715 von

465 2730 599 2764 Verona
624 2728 695 2762 und
710 2728 858 2762 Vicenza
882 2727 959 2761 sind

466 2776 564 2810 nicht
580 2775 741 2809 bekannt.
782 2774 847 2808 Die
859 2773 958 2817 Weg-

466 2823 608 2866 lassung
633 2821 692 2855 der
717 2821 797 2855 zwei
820 2821 960 2863 letztge-

466 2869 619 2903 nannten
679 2867 845 2910 Vertrage
912 2865 959 2900 im

467 2913 794 2949 Friedensentmirfe
829 2912 899 2946 und
923 2911 959 2946 in

1558 455 1620 494 19.
1660 452 1853 494 Civitates
1897 464 1987 492 mu-

1497 509 1584 550 nire
1621 511 1662 550 et
1701 509 1814 549 extra
1854 506 1988 548 muni-

1499 565 1628 607 tiones
1645 564 1701 606 eis
1717 563 1846 605 facere
1858 561 1987 604 liceat.

1559 997 1736 1038 20.Item
1747 995 1992 1043 societatem,

1504 1066 1628 1106 quam
1675 1064 1786 1093 nunc
1831 1051 1993 1100 habent,

1502 1112 1640 1151 tenere
1689 1109 1749 1157 et,
1809 1105 1993 1160 quotiens

1503 1164 1715 1214 voluerint,
1730 1173 1921 1205 renovare
1937 1161 1993 1204 eis

1503 1222 1636 1263 liceat.

1551 1279 1617 1318 21.
1626 1274 1838 1318 Paetiones
1850 1273 1994 1315 timore

1503 1335 1640 1375 nostro
1654 1332 1718 1374 vel
1731 1329 1994 1384 impressione

1503 1389 1742 1431 nuntiorum
1763 1388 1996 1428 nostrorum

1505 1446 1636 1488 factae
1654 1456 1726 1498 pro
1746 1441 1906 1484 infectis
1925 1441 1997 1483 ha-

1504 1503 1697 1550 beantur,
1733 1511 1809 1540 nec
1836 1510 1909 1552 pro
1939 1496 1996 1539 eis

1507 1557 1659 1610 aliquid
1679 1555 1872 1608 exigatur,
1896 1555 1998 1607 puta

1507 1612 1835 1655 Placentinorum
1847 1641 1856 1659 ‚
1893 1609 1998 1651 seili-

1508 1672 1571 1712 cet
1578 1670 1744 1724 paetum
1751 1665 1887 1722 pontis
1897 1665 1998 1706 Padi
2067 1679 2070 1684 ·

1509 1728 1550 1768 et
1612 1725 1754 1767 fictum
1818 1721 1998 1763 eiusdem

1506 1782 1641 1837 pontis
1671 1782 1711 1823 et
1739 1778 1938 1832 regalium
1959 1779 1999 1818 et

1509 1839 1652 1880 datum
1717 1838 1758 1878 et
1822 1835 1998 1889 pactum,

1510 1894 1618 1948 quod
1648 1893 1859 1948 episcopus
1878 1889 1998 1942 Hugo

1509 1950 1604 1993 fecit
1613 1950 1661 1991 de
1670 1950 1801 1992 castro
1806 1948 1918 1999 Atqu
1923 1947 1998 1995 ato,

2058 146 2098 284 {mm-0
2078 115 2083 118 Δ
2070 4 2075 7 f
