2098 3432
519 308 603 348 204

518 419 728 472 Lodoycus
748 416 1000 469 lantgravius
1021 430 1067 458 ac
1086 417 1230 469 reliqui
1251 418 1444 469 omnes*),
1466 430 1586 470 super
1606 417 1797 469 reliquias
1817 420 2050 459 sanctorum

514 475 555 515 id
594 476 728 527 ipsum
765 473 1012 513 iuraverunt.
1078 474 1259 526 Repente
1299 476 1436 514 autem
1478 473 1651 526 Spiritus
1690 475 1854 514 sanctus
1891 475 2049 514 mentes

515 532 696 571 omnium
717 529 814 570 adeo
836 528 931 569 fecit
950 529 1071 569 unius
1093 529 1325 578 voluntatis,
1356 529 1462 581 quod
1484 529 1688 581 electi**),
1718 529 1788 581 qui
1816 531 2049 583 praesentes

516 586 701 635 aderant,
738 585 866 638 primo
905 585 1143 638 Raynaldus
1182 585 1429 626 Coloniensis
1468 586 1619 625 electus
1657 586 1697 625 et
1734 585 1890 626 Ytaliae
1921 585 2050 626 archi-

514 641 785 690 cancellarius,
817 640 958 681 deinde
979 641 1123 689 cuncti,
1154 653 1292 681 omnes
1322 640 1363 681 in
1394 641 1588 681 sabbatho
1620 641 1793 692 quatuor
1821 642 2050 694 temporum

515 698 564 738 ad
605 697 768 738 laudem
805 696 882 737 Dei
918 698 958 737 et
994 697 1188 737 honorem
1225 696 1382 750 imperii
1424 709 1556 737 sacros
1596 696 1754 737 ordines
1796 696 2050 738 devotissime

515 754 789 807 susceperunt.
847 753 1035 793 Firmiter
1074 765 1234 804 quoque
1273 765 1297 793 a
1325 752 1439 793 nobis
1470 754 1510 793 et
1540 753 1589 793 ab
1619 752 1815 793 universis
1844 753 2051 793 decretum

515 811 586 859 est,
616 811 674 858 ut,
705 809 935 861 quicunque
957 810 1175 861 supersunt
1204 808 1425 856 ordinandi,
1454 808 1496 848 in
1524 808 1714 861 proximis
1745 810 1920 860 quatuor
1947 810 2051 850 tem-

515 866 678 919 poribus
717 865 901 906 similiter
939 866 1234 917 exsequantur;
1279 864 1456 916 alioquin
1493 863 1700 917 dignitatis
1735 865 1904 914 honore,
1942 865 2051 906 omni

515 923 670 963 remota
690 921 891 970 dilatione,
910 920 1128 973 priventur.
1173 920 1234 961 Ad
1249 921 1324 961 hoc
1339 920 1591 961 honorabiles
1606 919 1729 972 legati
1747 920 1917 961 illustris
1933 921 2049 961 amici

514 978 641 1019 nostri
662 977 873 1030 H(einrici)
895 977 1056 1028 gloriosi
1078 977 1301 1029 Anglorum
1322 977 1438 1028 regis,
1470 976 1519 1016 ad
1540 989 1613 1017 nos
1635 977 1684 1017 ab
1705 976 1791 1030 ipso
1811 976 2050 1025 transmissi,

515 1034 556 1075 in
597 1034 722 1074 totius
760 1035 921 1074 nostrae
951 1033 1084 1074 curiae
1114 1033 1343 1086 praesentia
1373 1045 1494 1086 super
1523 1033 1754 1073 sanctorum
1783 1032 1974 1085 reliquias
2004 1045 2051 1073 ex

516 1092 630 1143 parte
659 1089 766 1142 regis
796 1088 965 1141 Angliae
994 1089 1109 1130 nobis
1139 1089 1374 1130 iuraverunt
1402 1087 1579 1142 publice,
1609 1088 1716 1140 quod
1745 1100 1815 1128 rex
1843 1088 1928 1142 ipse
1958 1101 2051 1129 cum

518 1148 601 1188 toto
641 1159 713 1187 suo
751 1158 876 1198 regno
906 1145 947 1185 in
975 1147 1090 1198 parte
1120 1146 1260 1186 nostra
1286 1144 1458 1186 fideliter
1486 1145 1628 1193 stabit,
1667 1144 1875 1185 dominum
1903 1156 2051 1198 papam

520 1202 739 1250 Pascalem,
761 1214 883 1254 quem
904 1213 977 1242 nos
998 1203 1194 1250 tenemus,
1214 1201 1425 1242 nobiscum
1445 1200 1616 1250 tenebit,
1638 1200 1687 1241 de
1706 1200 1890 1241 Rolando
1910 1202 2049 1242 autem

518 1258 816 1299 manutenendo
855 1270 898 1298 se
938 1257 987 1298 de
1025 1259 1156 1298 cetero
1194 1270 1274 1298 non
1302 1257 1558 1297 intromittet.

598 1329 683 1370 Nos
693 1329 786 1371 ***)
804 1341 907 1378 vero,
922 1329 965 1369 in
980 1330 1054 1369 tua
1069 1328 1280 1370 dilectione
1297 1330 1338 1369 et
1349 1327 1544 1369 fidelitate
1553 1327 1772 1381 plurimam
1781 1326 1971 1368 fiduciam
1980 1327 2051 1367 hae

515 1386 667 1435 bentes‚
683 1385 937 1434 mandamus,
955 1385 1151 1426 attentius
1167 1385 1377 1426 monentes
1394 1386 1434 1424 et
1449 1384 1714 1437 postulantes,
1731 1385 1944 1436 quatenus,
1959 1396 2051 1424 con-

514 1442 664 1483 vocatis
678 1442 719 1482 in
731 1454 859 1482 unum
870 1441 1056 1482 omnibus
1067 1441 1255 1482 ecclesiae
1270 1440 1464 1489 fidelibus,
1481 1440 1584 1481 clero
1597 1439 1790 1488 videlicet,
1804 1438 2050 1480 beneficiatis

514 1499 555 1539 et
583 1497 927 1546 ministerialibus,
958 1497 1170 1538 abbatibus
1202 1499 1242 1538 et
1269 1496 1518 1550 praepositis,
1547 1495 1738 1550 praelatis
1760 1498 1801 1536 et
1819 1495 2050 1549 presbiteris

513 1553 777 1607 parochianis,
795 1554 870 1594 hoc
884 1554 992 1594 idem
1009 1553 1261 1606 praedictum
1276 1553 1563 1602 iuramentum,
1579 1553 1627 1593 ut
1643 1551 1721 1605 ipsi
1731 1551 1929 1605 principes
1944 1550 2052 1592 iura-

515 1612 661 1651 verimt
692 1611 732 1651 et
761 1610 1110 1658 confirmaverunt,
1140 1609 1225 1663 ipse
1245 1621 1380 1650 coram
1401 1608 1587 1650 omnibus
1607 1607 1764 1662 publice
1784 1607 1928 1655 facias;
1958 1608 2051 1648 tuos

515 1679 675 1719 quoque
698 1665 995 1707 archidiaconos
1017 1667 1057 1706 et
1075 1666 1324 1719 praepositos
1346 1666 1387 1705 et
1416 1664 1675 1706 ecclesiarum
1701 1664 1901 1718 praelatos
1921 1666 1963 1704 et
1983 1663 2051 1704 ab-

513 1723 626 1764 bates
644 1723 684 1763 et
699 1734 839 1763 omnes
857 1722 1046 1764 villarum
1061 1722 1318 1775 presbyteros
1334 1721 1383 1762 de
1399 1722 1483 1762 toto
1500 1720 1733 1774 episcopatu
1752 1721 1822 1761 tuo
1834 1719 1956 1772 ****)
1976 1719 2051 1760 hoc

516 1779 650 1832 ipsum
668 1779 945 1820 iuramentum
967 1778 1155 1819 distincte
1175 1778 1308 1819 iurare
1328 1777 1451 1819 facias
1473 1779 1514 1818 et
1527 1776 1569 1817 in
1584 1776 1746 1830 publica
1760 1788 1899 1818 eorum
1913 1775 2048 1825 missa,

515 1835 621 1876 sicut
652 1835 829 1875 edictum
860 1836 922 1876 est
952 1838 992 1875 et
1021 1834 1223 1875 sancitum
1254 1847 1278 1874 a
1305 1833 1420 1876 nobis
1451 1835 1491 1874 et
1521 1845 1544 1874 a
1563 1832 1819 1887 principibus,
1847 1831 2050 1886 publicam

515 1891 738 1932 orationem
774 1903 845 1944 pro
885 1891 1045 1932 domino
1075 1903 1180 1944 papa
1209 1890 1368 1931 Pascali
1397 1889 1637 1930 nominatim
1667 1890 1709 1930 et
1737 1887 1897 1929 assidue
1926 1887 2049 1928 facias

516 1947 686 1988 recitari.
746 1947 935 1988 Edictum
966 1959 1126 1999 quoque
1156 1948 1197 1988 et
1227 1947 1430 1988 statutum
1460 1947 1540 1995 est,
1578 1947 1626 1986 ut
1654 1945 1754 1986 haec
1781 1943 1917 1986 omnia
1944 1944 2050 1985 iura-

634 2082 669 2120 *)
695 2082 762 2116 Mit
794 2082 870 2116 dem
904 2082 1025 2127 reliqui
1061 2092 1175 2115 omnes
1208 2081 1285 2115 sind
1319 2080 1405 2115 ohne
1429 2080 1562 2114 Zweifel
1588 2078 1715 2114 Grafen
1747 2078 1816 2113 und
1838 2078 1971 2112 Horren
1993 2089 2050 2123 ge·

512 2128 620 2163 meint
645 2128 725 2172 (vgl.
751 2129 784 2169 b,
813 2129 949 2170 Anm.);
974 2127 1149 2162 Friedrich
1176 2127 1239 2161 hat
1263 2127 1355 2161 dann
1379 2126 1598 2169 keineswegs‚
1622 2125 1684 2159 wie
1699 2125 1819 2159 Ficker
1842 2124 1960 2167 meint,
1984 2124 2050 2158 mit

511 2175 603 2209 einer
618 2174 802 2208 Prateritio
827 2174 882 2208 die
899 2174 984 2208 Zahl
1010 2174 1068 2208 der
1093 2173 1315 2208 anwesenden
1340 2172 1532 2207 weltlichen
1547 2171 1742 2206 Fiirsten
1767 2182 1808 2205 zu
1827 2170 2047 2217 *iibertreiben

512 2220 667 2310 gesuzlss
687 2266 784 2300 Statt
816 2266 876 2300 der
908 2266 1026 2300 Worte
1052 2266 1204 2311 Repente
1232 2293 1238 2299 .
1265 2292 1273 2300 .
1300 2293 1307 2300 .
1335 2265 1427 2310 quod
1459 2265 1536 2309 gibt
1568 2263 1629 2298 das
1664 2274 1706 2297 an
1738 2263 1803 2297 den
1826 2263 1950 2297 Klerus
1984 2273 2047 2296 von

512 2313 643 2347 Passau
673 2312 862 2356 geriehtete
893 2312 1075 2346 Schreiben
1107 2312 1263 2356 folgende
1288 2311 1542 2356 Begriindung:
1579 2310 1626 2344 Et
1653 2309 1695 2343 ad
1729 2308 1964 2343 removendam
1988 2319 2048 2354 pro

514 2360 610 2404 parte
634 2360 753 2392 nostra
778 2370 910 2393 omnem
935 2358 1207 2402 ambiguitatem.

589 2405 662 2448 ***)
688 2404 752 2438 Die
776 2405 851 2438 hier
874 2405 1086 2449 beginnende
1110 2403 1298 2449 Dispositio
1322 2403 1459 2437 enthiilt
1483 2403 1545 2437 das
1562 2401 1745 2436 Schreiben
1771 2413 1813 2435 an
1839 2401 1904 2435 den
1921 2400 2048 2435 Grafen

512 2451 677 2485 Heinrich
712 2463 742 2485 v,
776 2450 900 2495 Troyes
932 2451 1080 2494 weniger
1116 2449 1339 2492 ausffihrlich,
1376 2449 1510 2483 schickt
1544 2448 1599 2482 ihr
1630 2449 1711 2483 aber
1741 2446 1897 2491 folgende
1929 2446 2048 2480 Worte

515 2508 655 2532 voraus:
690 2496 778 2539 Quia
802 2508 879 2531 vero
904 2497 1070 2538 iustitiae,
1103 2508 1204 2541 quam
1234 2496 1350 2530 hostes
1383 2495 1543 2530 ecclesiae
1576 2505 1616 2528 ac
1639 2493 1758 2536 nostri,
1792 2493 1862 2527 sive
1888 2492 2047 2538 superbia

512 2544 581 2578 sive
617 2554 657 2578 ex
690 2554 813 2577 causae
847 2553 927 2577 suae
960 2542 1170 2584 diffidentia,
1209 2542 1463 2584 devitaverunt,
1501 2551 1562 2575 nos
1597 2550 1727 2586 semper
1759 2539 1924 2573 hactenus
1955 2540 2047 2573 stare

514 2589 638 2635 parati,
664 2601 753 2623 nunc
771 2589 910 2624 tandem
929 2589 973 2623 ad
992 2589 1155 2623 insolit
1166 2600 1186 2622 a
1203 2589 1418 2622 sacramenta
1434 2598 1472 2622 ex
1489 2598 1603 2622 eorum
1620 2586 1803 2621 manifesta
1818 2585 2047 2619 obstinatione

512 2647 629 2670 sumus
664 2635 824 2680 impulsi,
863 2647 883 2670 a
919 2634 1213 2669 schismaticorum
1250 2634 1482 2668 communione
1518 2633 1628 2667 omnis
1663 2633 1783 2674 homo,
1819 2631 1928 2665 omnis
1965 2630 2046 2665 ordo

511 2684 640 2716 caveat.
687 2681 797 2715 Favor
829 2682 919 2716 enim
952 2681 1107 2723 illorum,
1142 2681 1227 2714 etsi
1259 2680 1477 2714 hactenus
1513 2679 1615 2724 (fehlt
1646 2678 1701 2713 bei
1725 2678 1860 2719 Pertzl)
1891 2677 2045 2722 aliquo

512 2728 632 2762 modo
667 2728 789 2762 visus
823 2730 894 2762 est
926 2727 1145 2769 venialis,
1175 2727 1211 2760 in
1236 2728 1409 2771 posterum
1435 2736 1572 2770 prorsus
1597 2725 1663 2759 erit
1684 2722 1942 2759 irremissibilis.
1990 2722 2045 2756 Ad

512 2774 698 2819 perfectum
722 2785 799 2808 vero
824 2774 926 2808 huius
950 2773 1078 2817 negotii
1103 2773 1355 2807 firmamentum
1383 2798 1390 2805 .
1418 2799 1424 2806 .
1453 2799 1460 2806 .

567 2820 661 2863 ****)
698 2820 775 2854 Wie
811 2820 948 2854 hieraus
984 2819 1207 2863 hervorgeht‚
1251 2819 1301 2853 ist
1336 2818 1398 2852 das
1434 2817 1617 2852 Schreiben
1654 2816 1820 2851 zunachst
1853 2815 1909 2850 fiir
1943 2814 2041 2849 einen

511 2866 654 2900 Bischof
673 2866 860 2901 bestimmt.
