2098 3432
448 299 531 338 200

561 408 667 450 Sunt
697 409 835 448 autem
864 408 965 448 haec
993 407 1138 448 solatia
1165 410 1306 448 nostra
1332 407 1375 448 in
1404 407 1588 449 domino:
1630 408 1983 451 Mediolanum

448 464 577 506 totis
598 464 696 504 iam
717 463 916 504 viribus
938 464 1252 504 exhaustum
1273 463 1422 516 quasi
1452 463 1771 517 expiravit.*)
1831 464 1984 507 Victo

449 523 618 561 autem
665 518 963 559 Mediolano
1020 531 1113 572 per
1155 519 1232 559 dei
1281 519 1497 572 gratiam
1544 520 1758 561 vicimus
1806 521 1982 572 omnia,

449 575 668 627 statimque
706 575 859 615 Romae
899 574 1097 616 indicetur
1138 575 1368 624 concilium,
1408 587 1486 627 quo
1522 575 1556 616 si
1590 588 1670 616 non
1702 577 1885 617 venerint
1913 577 1980 618 ad-

452 631 619 673 versarii
648 630 786 679 nostri,
817 642 923 683 papa
952 631 991 671 in
1013 631 1106 672 sede
1136 632 1306 680 firmato,
1335 631 1587 684 propositum
1607 631 1889 673 obtinebimus.
1939 632 1982 674 Si

449 689 586 728 autem
606 686 798 736 venerint,
829 686 990 727 etiamsi
1010 699 1081 740 pro
1111 687 1296 728 libertate
1326 687 1388 728 sui
1415 686 1551 728 iudicii
1581 687 1797 728 obtinenda
1824 687 1982 729 fortitu-

448 744 584 784 dinem
604 742 859 796 imperatoris
880 743 1019 783 abesse
1041 742 1176 792 velint,
1205 743 1379 796 populus
1404 744 1542 783 tamen
1563 744 1605 783 et
1623 744 1755 784 clerus
1774 743 1981 785 Romanus

448 799 680 853 pontificem
701 811 832 847 suum,
853 811 1000 851 papam
1021 798 1237 847 Victorem,
1257 798 1388 840 nolint
1408 798 1568 848 auferri,
1587 799 1668 840 imo
1689 799 1982 853 conspiratores

449 855 672 896 cardinales
702 855 793 895 illos
824 858 864 895 et
893 854 1124 895 Rolandum
1153 855 1445 896 rationabiliter
1473 855 1640 908 probare
1659 856 1852 908 poterunt
1870 855 1984 896 dam-

448 913 568 952 natos
599 911 742 951 debere
772 910 1015 964 proscriptos
1044 911 1205 958 haberi;
1236 911 1364 952 facilis
1394 912 1481 952 erat
1509 910 1591 959 via,
1627 914 1675 952 ut
1712 911 1762 952 ad
1791 911 1983 953 honorem

450 966 608 1020 imperii
630 970 923 1019 componantur
946 967 1143 1007 universa.
1193 967 1363 1016 Interim
1383 968 1522 1007 autem
1543 967 1722 1008 velatum
1743 966 1796 1008 sit
1814 968 1983 1008 verbum

448 1023 568 1064 istud.
618 1022 803 1076 Amplius
823 1035 893 1063 rex
913 1023 1083 1075 Angliae
1104 1036 1197 1064 cum
1217 1023 1378 1064 domino
1399 1022 1640 1076 imperatore
1659 1022 1793 1064 intimi
1812 1022 1982 1065 foederis

446 1079 675 1120 firmabitur
704 1078 871 1128 unione,
910 1081 958 1119 ut
986 1079 1094 1120 illius
1125 1092 1218 1120 cum
1249 1079 1409 1120 domino
1439 1079 1575 1120 nostro
1605 1091 1688 1120 una
1716 1078 1769 1120 sit
1797 1079 1983 1121 voluntas

447 1136 495 1176 de
527 1135 636 1176 omni
666 1148 719 1175 re.
779 1134 923 1175 Nuntii
952 1135 1062 1176 illius
1092 1137 1188 1176 sunt
1217 1135 1324 1189 apud
1353 1148 1437 1176 nos.
1486 1135 1655 1187 Magnos
1686 1134 1809 1176 etiam
1829 1135 1878 1176 de
1898 1135 1983 1177 suis

448 1191 498 1232 ad
537 1192 654 1231 illum
690 1191 731 1231 in
761 1191 940 1244 proximo
970 1191 1107 1232 mittet
1135 1191 1366 1245 imperator.
1423 1190 1635 1232 Predictus
1672 1190 1902 1244 patriarcha
1931 1191 1982 1232 ad

449 1247 658 1289 dominum
678 1259 827 1300 papam
847 1247 1053 1288 Victorem
1072 1259 1259 1288 reversus
1280 1249 1342 1288 est
1362 1249 1403 1288 et
1422 1247 1567 1288 fortius
1597 1248 1833 1288 revertetur.
1871 1247 1983 1289 Salz-

450 1303 672 1356 burgensis,
703 1303 737 1344 si
756 1303 863 1344 volet
883 1303 1115 1356 imperator,
1145 1303 1288 1357 deponi
1310 1305 1351 1345 et
1370 1303 1512 1356 expelli
1533 1303 1690 1356 poterit.
1741 1302 1808 1345 Sic
1826 1303 1868 1344 in
1898 1316 1983 1345 om-

448 1360 566 1400 nibus
597 1359 697 1400 deus
727 1359 804 1400 erit
832 1359 1053 1408 nobiscum,
1084 1359 1191 1412 quod
1221 1360 1306 1413 ipse
1336 1361 1515 1413 prestare
1545 1358 1745 1411 dignetur.

560 1416 703 1457 Denuo
741 1428 836 1468 rogo
867 1428 958 1464 vos,
997 1417 1059 1465 ut,
1098 1415 1203 1456 sicut
1232 1416 1419 1457 dominus
1456 1415 1778 1469 archiepiscopus
1817 1427 1912 1457 voce
1942 1419 1984 1456 et

447 1472 574 1512 literis
612 1471 722 1512 vobis
760 1473 800 1512 et
829 1472 966 1512 comiti
997 1471 1077 1524 Sig.
1109 1472 1329 1521 commisit,
1366 1472 1425 1512 ita
1453 1471 1554 1512 mihi
1584 1484 1607 1512 a
1636 1471 1678 1513 C.
1709 1471 1914 1513 sacerdote
1943 1473 1984 1512 et

449 1541 472 1568 a
501 1528 632 1568 villico
653 1528 701 1568 de
727 1527 962 1568 Elvervelde
983 1529 1138 1569 ablatas
1160 1527 1336 1569 decimas
1356 1527 1614 1580 integerrime
1634 1527 1795 1568 restitui
1814 1527 1982 1569 faciatis.

450 1584 708 1625 Sacerdotem
751 1596 867 1624 reum
912 1585 1126 1637 expulsum
1155 1584 1402 1625 restituatis!
1466 1583 1548 1624 Vos
1593 1585 1731 1624 autem
1773 1583 1904 1624 valete
1941 1584 1983 1624 in

451 1641 682 1681 aeternum!
741 1640 899 1681 Literas
941 1639 1093 1681 domini
1135 1640 1390 1694 imperatoris
1434 1640 1483 1681 de
1525 1639 1730 1693 prebenda
1772 1639 1982 1682 Bunnensi

449 1696 635 1738 servate!

631 1835 736 1890 ΧΙΛΙ.
770 1835 991 1903 Reichstag
1025 1851 1075 1891 zu
1107 1836 1351 1904 Wiirzburg‚
1386 1835 1592 1903 Pangsten
1627 1835 1821 1896 1165.**)

566 1921 690 1964 [Gesta
715 1921 1043 1966 archiepiscoporum
1068 1921 1258 1966 Salisburg.
1296 1922 1356 1966 (M.
1384 1921 1423 1955 G.
1451 1920 1509 1955 SS.
1534 1920 1595 1962 XI,
1633 1920 1713 1964 46);
1751 1919 1855 1955 Curia
1878 1920 1985 1955 Wirz-

450 1967 556 2012 purch
575 1968 617 2001 ab
636 1967 838 2012 imperatore
863 1969 898 2001 et
921 1968 1102 2002 cunctis
1126 1979 1234 2013 pene
1259 1967 1385 2011 regni
1410 1966 1700 2012 principibus
1724 1968 1778 2002 est
1801 1966 1983 2009 celebrata,

450 2014 508 2047 ubi
534 2013 673 2047 Widoni
699 2013 892 2047 scismatico
931 2015 1002 2047 tam
1040 2014 1187 2059 episcopi
1225 2025 1327 2059 quam
1360 2014 1502 2047 abbates
1537 2011 1739 2047 Germaniae
1774 2012 1983 2054 iuraverunt,

450 2059 744 2105 paucissimis
770 2071 811 2094 se
836 2060 886 2093 ab
912 2060 990 2093 hac
1015 2060 1290 2103 contagione
1314 2059 1709 2094 subtrahentibus.

569 2105 719 2140 Annales
743 2106 1010 2151 Ratisponenses
1046 2107 1107 2149 (M.
1134 2105 1175 2141 G.
1201 2106 1259 2140 SS.
1284 2106 1395 2148 XVII,
1423 2107 1519 2147 588):
1557 2104 1655 2139 Anno
1680 2105 1807 2157 domini
1834 2107 1923 2140 1165
1946 2104 1984 2140 F.

450 2152 1054 2240 ἰῗέἕῗεῖλἮὲὲθηἙξιὴΞξῖΐῖῗρὲἷοῗὲῗ
1055 2153 1267 2232 ”antiit
1275 2152 1458 2232 ῗέἰᾚᾈ
1475 2150 1985 2243 &resarciam-10

452 2246 588 2287 acutus,
613 2244 811 2289 Herbipolis
835 2245 964 2278 curiam
990 2245 1183 2286 celebravit,
1209 2244 1439 2290 episcoporum
1464 2243 1721 2278 multitudinem
1744 2242 1831 2277 nihil
1853 2242 1986 2278 sinistri

450 2290 684 2335 suspicantem
718 2290 752 2324 in
788 2293 904 2335 partes
937 2291 989 2324 sui
1023 2291 1200 2336 apostolici
1225 2291 1414 2324 iuramento
1439 2302 1474 2324 se
1498 2290 1650 2334 obligare
1674 2289 1844 2334 conpulit,
1878 2289 1987 2324 Coun-

452 2337 575 2370 radum
593 2336 877 2380 Salzburgensem
903 2337 1204 2382 archiepiscopum,
1229 2339 1390 2382 patruum
1415 2348 1524 2378 suum,
1549 2336 1656 2370 solum
1683 2335 1724 2370 de
1748 2337 1848 2370 tanta
1870 2335 1986 2370 multi-

451 2383 573 2416 tudine
611 2382 900 2418 contradicentem
939 2383 1015 2425 sibi,
1053 2383 1185 2417 hostem
1221 2383 1315 2427 regni
1352 2382 1598 2427 pronunciavit.
1647 2381 1737 2416 Nam
1769 2381 1984 2416 Coumadum

451 2429 688 2473 Mogontinum
713 2429 907 2474 episcopum
932 2441 997 2463 non
1023 2429 1089 2463 sibi
1113 2429 1380 2463 consentientem
1404 2429 1472 2462 iam
1490 2430 1569 2463 ante
1587 2427 1784 2473 episcopatu
1799 2427 1984 2473 expulerat.

565 2534 583 2552 *
1114 2532 1120 2538 .
1243 2531 1249 2538 .

525 2534 597 2622 “i
623 2531 1476 2614 {³13¹affl31¹⁶35535baffiss¹312ffl¹¹333vuar
1501 2576 1559 2611 IV.
1586 2587 1618 2611 u.
1645 2574 1822 2610 ffiiedrich
1845 2575 1872 2610 1.
1897 2574 1985 2609 nach

450 2627 557 2660 Lodi
582 2626 819 2660 einberusenen
845 2624 978 2668 Synode
1003 2624 1057 2658 die
1081 2624 1285 2658 Beschliisse
1310 2623 1370 2657 der
1386 2623 1530 2656 Paveser
1545 2622 1808 2665 Versammlung
1830 2622 1987 2656 emeuert

451 2673 594 2707 worden.
622 2672 736 2706 Allein
760 2670 886 2705 bereits
910 2670 1040 2712 vorher,
1066 2669 1348 2704 wahrseheinlich
1364 2669 1467 2703 Mitte
1482 2669 1576 2702 Marz
1597 2671 1695 2710 1161,
1720 2667 1842 2702 hatten
1857 2666 1986 2701 ank-

450 2719 542 2752 reich
568 2730 601 2753 u.
627 2717 787 2762 England
813 2717 873 2750 auf
895 2716 955 2750 der
979 2716 1112 2760 Synode
1137 2727 1200 2750 von
1225 2715 1391 2750 Toulouse
1417 2714 1490 2748 sich
1514 2714 1601 2749 offen
1626 2714 1681 2748 fiir
1703 2713 1896 2748 Alexander
1918 2712 1984 2747 ΠΙ.

450 2765 589 2799 erklart.
638 2765 734 2798 Zwar
757 2763 883 2808 gelang
915 2774 951 2797 es
977 2763 1053 2796 dem
1077 2762 1224 2796 Kanzler
1247 2761 1418 2803 Raina-Id,
1452 2760 1596 2805 Ludwig
1619 2761 1655 2794 in
1679 2759 1789 2794 seiner
1812 2758 1984 2794 Obodienz

449 2822 557 2854 gegen
575 2810 768 2845 Alexander
783 2809 847 2843 III.
874 2809 1039 2843 wankend
1064 2819 1104 2842 zu
1129 2808 1271 2842 machon
1296 2819 1327 2842 u.
1355 2808 1428 2842 eine
1443 2805 1746 2841 Zusammenkunft
1770 2805 1829 2839 des
1844 2804 1984 2839 Kaisers

450 2868 481 2891 u.
509 2857 568 2891 des
585 2857 717 2901 Konigs
742 2868 805 2891 von
822 2855 1028 2890 Frankreich
1053 2855 1118 2889 mit
1143 2855 1206 2889 den
1224 2853 1487 2898 beiderseitigen
1503 2853 1685 2887 Bischofen
1709 2852 1763 2886 bei
1789 2851 1847 2886 St.
1872 2851 1894 2885 J
1906 2861 1985 2885 ean
