2098 3432
462 339 544 378 288

572 449 632 490 De
661 449 859 491 Novaria:
892 448 1016 502 Opizo
1051 450 1100 491 de
1129 450 1290 500 Briona‚
1327 452 1539 494 Thedisius
1570 453 1840 504 Caballatius,
1875 455 1992 499 Wido
2063 475 2066 496 1

460 505 508 546 de
539 505 809 559 Boniprando.
1230 556 1232 559 Ι

570 561 631 602 De
661 561 875 602 Vercellis:
906 561 1097 603 Meardus
1109 563 1138 596 ξι)
1166 564 1206 603 et
1235 563 1496 604 Vercellinus.

571 617 659 658 Hae
700 618 796 658 sunt
825 616 1008 658 civitates
1052 619 1093 658 et
1131 618 1228 665 loca,
1274 631 1376 671 quae
1412 632 1552 672 pacem
1589 621 1878 675 praescriptam
1920 623 1994 665 sub

458 673 686 714 iuramento
716 673 1037 714 Lombardorum
1065 674 1275 715 nobiscum
1303 678 1541 728 receperunt
1570 678 1610 716 et
1639 676 1780 717 eadem
1806 690 1880 731 pro
1910 690 1953 720 se
1963 680 1994 713 1θ

457 728 718 769 iuraverunt:
749 729 886 782 Papia,
908 729 1119 779 Cremona,
1140 730 1280 779 Cuma,
1300 731 1494 781 Terdona‚
1513 733 1625 781 Asta,
1647 731 1828 783 Cesarea,
1848 733 1993 784 Janua,

457 785 560 825 Alba
590 786 630 826 et
660 785 761 826 aliae
792 785 974 826 civitates
1006 788 1046 826 et
1074 786 1161 827 loca
1190 788 1231 827 et
1260 799 1464 839 personae,
1495 800 1598 840 quae
1628 790 1724 829 sunt
1761 790 1803 830 et
1829 789 1994 832 fuerunt

458 852 505 881 ex
533 842 648 894 parte
677 842 827 882 nostra.

566 897 678 938 Haec
698 899 795 939 sunt
813 897 978 938 nomina
999 898 1211 938 consulum
1242 901 1283 940 et
1294 900 1319 932 ο)
1340 899 1588 948 nuntiorum,
1619 901 1688 953 qui
1709 901 1991 943 investituram
2083 935 2098 967 ⁴,

457 953 691 994 consulatus
722 966 746 994 a
786 953 900 994 nobis
945 953 1107 994 nomine
1138 955 1349 995 civitatum
1377 957 1638 1009 receperunt:
1680 956 1729 997 de
1766 956 1992 999 Mediolano
2081 966 2098 1014 i}

456 1008 677 1058 Adobatus‚
708 1009 757 1050 de
786 1009 994 1050 Placentia
1024 1009 1228 1052 Gerardus
1258 1011 1488 1060 Arditionis,
1518 1011 1566 1052 de
1587 1012 1726 1053 Laude
1745 1012 1992 1063 Vincentius,

455 1064 503 1104 de
521 1064 682 1106 Verona
702 1065 857 1114 Cozius,
889 1065 937 1106 de
954 1065 1140 1106 Vicentia
1166 1067 1354 1116 Pileusss),
1384 1067 1432 1108 de
1461 1067 1604 1108 Padua
1626 1068 1789 1119 Fanfus,
1817 1068 1867 1110 de
1895 1069 1993 1110 Tar-

455 1121 555 1162 visio
585 1121 759 1171 Florius,
799 1121 848 1162 de
888 1122 1058 1162 Mantua
1096 1123 1408 1173 Alexandrinus,
1450 1123 1498 1164 de
1527 1123 1722 1165 Faventia
1748 1124 1992 1174 Romanius,

455 1176 504 1218 de
533 1177 716 1219 Bononia
744 1177 991 1227 Antoninus,
1031 1178 1078 1218 de
1116 1179 1275 1220 Mutina
1312 1180 1496 1229 Arlotus‚
1535 1179 1584 1221 de
1618 1180 1745 1234 Regio
1773 1181 1992 1230 Rolandus‚

454 1232 502 1274 de
532 1233 680 1274 Parma
717 1234 894 1275 Jacobus
924 1234 1034 1275 Petri
1064 1234 1192 1283 Bave,
1233 1235 1281 1276 de
1319 1236 1496 1277 Novaria
1533 1235 1674 1290 Opim,
1711 1236 1760 1278 de
1797 1236 1991 1278 Vercellis

454 1289 658 1339 Meardus,
689 1290 736 1330 de
767 1290 963 1343 Pergamo
992 1291 1088 1331 Atto
1118 1291 1316 1332 Ficianus.
1330 1293 1355 1325 f)

567 1346 738 1399 Signum
778 1345 930 1387 domini
967 1346 1158 1388 Friderici
1203 1347 1262 1400 (L.
1298 1347 1368 1400 M.)
1417 1348 1712 1390 Romanorum.
1739 1348 1991 1402 imperatoris

453 1401 716 1443 invictissimi.

566 1458 652 1511 Ego
683 1458 924 1500 Godefridus
954 1459 1175 1512 imperialis
1215 1460 1330 1501 aulae
1361 1460 1623 1501 cancellarius
1658 1460 1743 1502 vice
1773 1460 1990 1502 Christiani

453 1515 716 1567 Maguntinae
747 1515 853 1556 sedis
884 1515 1169 1568 archiepiscopi
1199 1517 1240 1556 et
1269 1516 1606 1558 archicancellarii
1634 1516 1855 1570 recognovi.

564 1572 666 1612 Acta
695 1574 792 1612 sunt
823 1571 922 1612 haec
952 1583 1055 1612 anno
1077 1571 1298 1613 dominicae
1319 1572 1604 1614 incarnationis
1627 1574 1745 1622 1183,
1774 1571 1989 1614 indictione

452 1626 593 1679 prima,
623 1630 818 1679 regnante
849 1627 1009 1668 domino
1039 1627 1239 1669 Friderico
1268 1629 1546 1670 Romanorum
1574 1629 1816 1682 imperatore
1846 1628 1990 1682 glorio-

453 1682 623 1732 sissimo,
654 1696 758 1724 anno
788 1684 901 1736 regni
933 1683 1018 1724 eius
1049 1685 1113 1732 32,
1143 1683 1300 1737 imperii
1329 1697 1421 1726 vero
1452 1685 1516 1725 29.
1824 1694 1827 1695 ⁷

565 1739 673 1780 Data
709 1739 815 1793 apud
846 1739 1126 1781 Constantiam
1162 1740 1203 1781 in
1242 1741 1411 1782 solemni
1449 1740 1559 1782 curia
1596 1743 1631 1780 7.
1660 1741 1850 1782 kalendas
1877 1741 1990 1783 Julii.

2079 1054 2098 1064 ᾗ

2091 1068 2098 1078 a.

581 1879 657 1935 Lu.
690 1880 910 1948 Reiehstag
944 1897 995 1936 zu
1030 1882 1298 1946 Gelnhausen,
1332 1882 1441 1937 linde
1459 1881 1676 1937 November
1699 1881 1858 1947 1186.*)

838 1977 883 2025 a)
922 1977 1087 2020 Bericht
1115 1977 1289 2021 Arnolds
1318 1988 1394 2021 von
1426 1977 1598 2021 Liibeck.

910 2042 1091 2088 (Chronica
1116 2043 1292 2077 Slavorum
1316 2043 1382 2086 ΙΙΙ,
1407 2055 1435 2078 c.
1464 2043 1530 2087 19.)

566 2108 617 2142 De
634 2107 883 2152 subscriptione
900 2108 1141 2153 episcoporum.
1180 2108 1311 2142 Exinde
1328 2119 1408 2153 ergo
1434 2108 1618 2153 imperator
1642 2108 1770 2143 curiam
1793 2108 1983 2153 generalem

451 2154 560 2188 edixit
582 2154 617 2188 in
644 2153 884 2195 Geilenhusen,
909 2154 968 2188 ubi
993 2155 1150 2189 convenit
1173 2155 1359 2189 multitudo
1383 2155 1615 2200 episcoporum
1639 2156 1675 2189 et
1698 2154 1898 2200 principum.
1939 2153 1986 2188 Et

449 2200 632 2244 procedens
648 2200 683 2233 in
701 2200 904 2242 concionem,
930 2201 979 2234 sic
996 2201 1151 2235 omnibus
1176 2201 1309 2235 locutus
1326 2203 1398 2235 est:
1426 2201 1621 2245 „Rogamus
1637 2211 1695 2235 vos
1711 2211 1862 2235 summos
1876 2211 1985 2235 sacer-

450 2246 546 2280 dotes
571 2248 606 2280 et
630 2246 804 2291 episcopos
828 2248 864 2280 et
887 2247 1073 2292 principes,
1108 2258 1249 2292 quorum
1275 2248 1378 2281 corda
1402 2247 1538 2282 iustitia
1562 2247 1732 2292 possidet,
1767 2248 1808 2281 ut
1831 2246 1983 2281 animad-

541 2350 574 2389 a)
599 2347 703 2382 Fehlt
726 2348 780 2382 bei
805 2348 958 2392 Vignati.

541 2395 578 2433 b)
603 2394 768 2438 Vignati:
794 2395 936 2428 eandem
961 2405 1020 2439 per
1045 2405 1089 2429 se.

541 2443 570 2478 c)
596 2451 623 2475 c.
651 2452 678 2474 e.
705 2440 792 2474 fehlt
820 2441 875 2475 bei
899 2441 1052 2485 Vignati.

543 2487 574 2527 e)
601 2486 633 2520 d.
660 2486 700 2520 V.
726 2487 765 2520 P.
790 2486 878 2520 fehlt
901 2487 955 2521 bei
980 2486 1133 2530 Vignati.

548 2533 575 2570 f>
601 2533 665 2566 Die
691 2532 796 2567 Codd.
820 2533 889 2567 Jul.
912 2533 1004 2568 Brix.
1029 2533 1126 2567 Rom.
1152 2534 1235 2567 Bon.
1262 2533 1341 2567 Vat.
1367 2534 1469 2577 fiigen
1495 2534 1615 2568 hinzu:
1651 2533 1697 2568 Et
1730 2533 1790 2567 isti
1823 2532 1981 2569 similiter

447 2589 486 2612 ex
511 2581 608 2623 parte
633 2579 850 2624 imperatoris
873 2579 1089 2613 iuraverunt:
1126 2579 1228 2622 Cona,
1262 2579 1438 2614 Conradus
1462 2581 1634 2626 pincerna,
1669 2579 1890 2622 Guarnerius,
1914 2578 1980 2613 Ro-

449 2625 563 2658 dulfus
588 2625 794 2659 camerarius
819 2636 879 2668 pro
904 2636 949 2660 se.

563 2671 594 2714 *)
619 2671 684 2705 Die
708 2671 1050 2706 Besitzverhaltnisse
1075 2671 1240 2706 zwischen
1264 2671 1390 2706 Kirche
1414 2673 1485 2706 und
1505 2672 1613 2706 Reich
1636 2682 1749 2706 waren
1772 2670 1821 2706 im
1835 2670 1978 2706 Frieden

448 2728 510 2750 von
532 2717 687 2762 Venedig
710 2717 910 2761 ungeregelt
933 2717 1120 2762 geblieben,
1147 2718 1202 2752 die
1218 2717 1507 2762 Verhandlungen
1531 2718 1690 2752 hieriiber
1713 2717 1876 2752 dauerten
1900 2717 1978 2751 fort.

446 2763 533 2797 Dem
552 2763 761 2807 Nachfolger
786 2764 845 2797 des
870 2775 924 2798 am
942 2767 996 2798 30.
1015 2764 1152 2808 August
1172 2766 1255 2799 1181
1275 2765 1515 2798 verstorbenen
1531 2765 1678 2810 Pnpstes
1694 2763 1886 2798 Alexander
1901 2763 1977 2806 111.,

447 2809 570 2843 Lucius
587 2809 665 2852 ΙΙΙ.,
690 2810 770 2844 liess
794 2809 971 2844 Friedrich
995 2821 1103 2854 gegen
1129 2810 1193 2844 den
1208 2810 1372 2844 Verzicht
1395 2811 1455 2845 auf
1477 2811 1531 2844 die
1555 2810 1734 2854 stzrittigen
1749 2809 1978 2853 Besitzungen

447 2855 511 2890 den
537 2856 704 2898 Zehnten,
738 2857 854 2891 seinen
879 2856 1089 2890 Kardinalen
1123 2856 1187 2890 den
1211 2856 1371 2890 Neunten
1395 2856 1592 2891 samtlicher
1615 2855 1811 2899 Einffinfte,
1835 2855 1891 2890 die
1915 2855 1976 2889 das

446 2901 553 2936 Reich
577 2902 613 2936 in
630 2902 755 2937 Italien
781 2902 929 2942 beziehe,
957 2902 1125 2937 anbieten.
1166 2902 1219 2936 Im
1235 2902 1386 2938 Oktober
1405 2906 1492 2938 1184
1517 2903 1629 2937 trafen
1645 2902 1768 2937 Kaiser
1782 2901 1854 2936 und
1869 2901 1978 2946 Papst
