2098 3432
433 309 488 348 22

435 419 625 460 vicium
646 419 975 459 sacramento
996 418 1141 458 nobis
1163 417 1398 469 obligati.
1445 418 1556 468 Quos
1576 420 1714 459 tamen
1733 431 1815 459 non
1833 419 1969 460 minus

437 475 506 515 tibi
538 474 735 526 obligatos
765 475 840 514 sub
870 474 946 514 hac
976 474 1134 514 cautela
1163 476 1203 513 et
1232 473 1460 514 condicione
1490 474 1737 527 recepimus:
1769 476 1816 515 ut
1844 474 1971 528 1110111-

434 530 619 570 tudinem
641 529 902 570 absolutionis
924 542 995 570 sue
1015 542 1095 569 non
1112 528 1190 569 nisi
1207 531 1306 582 aput
1320 531 1435 569 tuam
1449 530 1737 583 paternitatem
1750 530 1970 571 obtineant.

546 586 612 626 Ita
656 586 844 626 omnibus
884 598 954 638 pro
993 587 1085 626 voto
1123 585 1373 637 compositis,
1411 585 1572 626 omnino
1613 585 1663 626 ad
1691 585 1971 627 liberationem

437 642 580 682 eclesie
617 653 799 682 essemus
845 640 1028 693 obligati,
1076 640 1109 681 si
1143 640 1476 682 Halberstadensi
1515 641 1658 682 eclesie
1694 641 1840 683 melius
1876 651 1972 683 oon-

436 698 592 738 sultum
623 699 742 738 esset.
1063 694 1073 704 ⁶

552 753 682 805 Super
726 752 840 794 cuius
882 751 1046 804 negocio
1092 751 1226 804 sepius
1270 752 1346 792 1100
1390 763 1494 793 011110
1530 752 1695 793 1111111108
1734 753 1776 793 01
1812 753 1971 794 litteras

438 810 596 849 nostras
616 808 690 848 tibi
711 808 950 855 direximus;
981 808 1021 847 in
1043 807 1201 859 quibus,
1230 809 1334 848 teste
1354 807 1451 856 Deo,
1479 808 1538 848 nil
1566 807 1644 848 nisi
1671 808 1729 849 rei
1758 809 1973 850 veritatem

436 866 477 904 et
514 864 696 904 ordinem
734 863 888 904 executi
930 875 1091 912 sumus,
1125 863 1286 904 omnino
1317 863 1422 904 circa
1450 863 1526 904 1100
1553 863 1716 913 intenti,
1754 865 1802 905 ut
1829 876 1972 917 pacem

437 921 478 960 et
517 919 772 960 concordiam
811 919 942 960 eidem
981 919 1292 960 reformaremus
1330 919 1482 960 eclesie.
1542 919 1726 969 Qualiter
1765 922 1901 960 autem
1930 919 1972 960 id

438 975 604 1027 quidam
634 975 850 1015 mendatiis
881 975 964 1015 suis
995 975 1262 1027 perverterint
1300 976 1420 1027 teque
1452 987 1475 1016 a
1503 975 1666 1016 consilio
1694 977 1831 1016 nostro
1862 987 1974 1017 aver-

438 1031 580 1080 terint,
623 1032 767 1071 iterato
797 1030 870 1071 tibi
900 1030 1017 1071 scribi
1046 1043 1127 1071 non
1157 1033 1324 1084 oportet.
1380 1031 1468 1071 Hoc
1506 1034 1644 1072 tamen
1672 1043 1744 1084 pro
1773 1031 1974 1072 constanti

436 1087 508 1126 tibi
547 1086 844 1139 promittimus,
883 1086 990 1138 quod
1030 1099 1165 1127 coram
1203 1087 1349 1127 eclesia
1376 1087 1562 1127 Romana
1598 1087 1640 1127 in
1667 1087 1872 1140 presentia
1901 1089 1974 1128 tua

436 1143 520 1183 vita
560 1142 706 1183 comite
743 1142 948 1183 evidenter
990 1142 1271 1195 probabimus,
1315 1142 1450 1183 omnia
1488 1155 1531 1183 se
1568 1142 1627 1183 ita
1663 1142 1830 1192 habere,
1868 1142 1974 1184 sicut

438 1198 584 1238 nuncio
624 1199 760 1239 nostro
792 1202 832 1238 et
860 1198 1005 1238 litteris
1035 1198 1108 1238 tibi
1137 1197 1462 1250 significavimus.
1518 1198 1606 1239 Nec
1633 1199 1771 1239 tamen
1801 1199 1850 1240 ob
1880 1211 1973 1240 0011-

438 1256 641 1306 1011111111111
680 1253 835 1294 consilii
873 1253 1000 1294 nostri
1029 1253 1164 1294 minus
1194 1254 1408 1303 vellemus,
1444 1254 1478 1295 si
1508 1267 1587 1306 quo
1617 1254 1736 1296 modo
1765 1255 1902 1296 unitas
1932 1256 1974 1296 et

438 1310 647 1350 concordia
666 1309 876 1350 reformari
896 1310 1105 1362 potuisset.
1147 1309 1335 1361 Satisque
1365 1311 1473 1363 passi
1504 1309 1735 1360 fuissemus,
1765 1310 1799 1352 si
1826 1311 1868 1351 111
1897 1310 1973 1352 1100

437 1365 543 1406 malo
575 1365 719 1418 aliquis
749 1377 849 1406 usus
878 1364 1032 1406 fuisset.
1091 1364 1207 1415 Quod
1239 1366 1356 1417 longe
1388 1366 1504 1406 aliter
1534 1368 1606 1407 est.

547 1421 658 1462 Dum
690 1420 797 1462 enim
827 1421 1051 1461 secundum
1080 1421 1336 1474 paternitatis
1366 1423 1435 1462 tue
1465 1423 1703 1475 preceptum
1732 1421 1876 1463 eclesia
1903 1421 1974 1463 illa

435 1476 477 1516 in
517 1477 701 1529 eligenda
739 1489 911 1529 persona
950 1477 1159 1517 convenire
1199 1477 1404 1518 debuisset
1443 1481 1529 1518 tam
1577 1477 1721 1518 eclesie
1758 1490 1882 1530 quam
1910 1477 1973 1518 in-

437 1532 546 1585 perio
590 1532 748 1575 idonea,
794 1533 872 1573 due
916 1535 1051 1585 partes
1099 1532 1203 1573 facte
1250 1535 1356 1573 sunt.
1429 1533 1536 1574 Nam
1577 1533 1756 1575 canonici
1793 1533 1972 1574 matricis

441 1588 583 1628 eclesie
620 1589 858 1630 electionem
894 1588 943 1628 de
972 1588 1148 1629 Martino
1179 1589 1380 1642 preposito
1410 1613 1463 1618 —
1494 1589 1644 1631 factam
1673 1589 1890 1642 aliquando
1919 1614 1971 1618 —

441 1645 719 1697 proponebant
746 1646 932 1696 hancque
962 1656 1120 1693 omnes,
1159 1645 1333 1698 exceptis
1365 1646 1556 1697 quatuor,
1595 1645 1840 1686 unanimiter
1868 1645 1974 1686 affir-

439 1700 628 1747 mabant;
671 1703 752 1741 tres
785 1702 952 1740 tantum
982 1699 1081 1740 alias
1111 1713 1304 1753 personas
1336 1701 1516 1742 eiusdem
1547 1701 1710 1742 ecclesie
1741 1701 1977 1742 secundario

441 1755 714 1807 designantes,
744 1758 810 1800 ut,
846 1756 879 1796 81
910 1755 1030 1796 huius
1063 1756 1250 1798 canonice
1279 1756 1517 1806 reiceretur,
1555 1769 1680 1798 unam
1708 1756 1881 1798 istarum
1911 1757 1980 1798 ob—

440 1811 623 1851 tinerent.
681 1812 904 1864 Regulares
934 1823 1038 1860 vero,
1067 1812 1225 1852 nullam
1254 1812 1426 1853 istarum
1457 1814 1736 1866 approbantes,
1767 1825 1977 1854 assensum

440 1867 503 1907 his
539 1879 619 1907 non
658 1869 916 1920 prebuerunt.
977 1867 1125 1919 Sicque
1169 1868 1372 1909 communi
1417 1869 1630 1921 utriusque
1659 1869 1787 1922 partis
1817 1868 1981 1910 consilio

443 1923 679 1964 electionem
708 1924 748 1964 in
779 1926 1016 1975 sequentem
1048 1923 1154 1964 diem
1185 1924 1440 1965 distulerunt.

552 1979 727 2019 Interim
755 1980 972 2031 regulares,
1003 1979 1207 2020 advocatis
1230 1982 1406 2032 quatuor
1427 1979 1533 2021 sicut
1554 1979 1728 2021 diximus
1758 1979 1807 2020 de
1836 1979 1978 2021 maiori

443 2035 606 2083 eclesia,
646 2035 903 2075 Gerhardum
939 2035 1191 2088 prepositum
1223 2036 1460 2087 elegerunt;
1501 2036 1606 2077 clero
1637 2038 1678 2076 et
1706 2036 1853 2089 populo
1883 2036 1982 2076 alte-

442 2090 526 2130 rius
562 2091 688 2142 partis
726 2091 851 2131 invito
890 2092 930 2131 et
967 2092 1213 2132 reclamante
1245 2093 1286 2132 et
1316 2092 1543 2144 appellante
1574 2091 1836 2144 apostolicam
1865 2091 1981 2132 audi-

443 2146 596 2186 entiam
626 2147 700 2187 sub
731 2147 961 2188 testimonio
992 2146 1180 2187 canonice
1211 2160 1399 2195 censure,
1442 2160 1520 2200 que
1550 2147 1663 2188 iubet
1691 2147 1815 2188 nullis
1844 2146 1981 2188 invitis

443 2202 528 2242 dari
559 2201 791 2255 episcopum
821 2203 884 2243 vel
911 2205 1127 2255 pastorem.

555 2257 664 2307 Quia
702 2271 793 2299 vero
831 2258 873 2298 in
911 2258 1094 2311 partibus
1135 2258 1305 2299 Saxonie
1343 2258 1517 2299 maxime
1554 2259 1595 2299 in
1638 2258 1796 2312 prefata
1838 2258 1984 2300 eclesia

445 2313 652 2366 inperialis
690 2313 866 2365 dignitas
902 2314 1106 2362 consistit,
1145 2314 1289 2354 saltem
1327 2314 1459 2355 adhuc
1494 2315 1717 2368 paternitas
1756 2316 1828 2355 tua
1865 2314 1981 2355 nobis

444 2369 701 2420 adquiescat;
743 2371 783 2410 et
813 2370 952 2410 audita
982 2372 1155 2422 utraque
1184 2372 1310 2422 parte,
1339 2370 1396 2410 ita
1425 2371 1540 2411 nobis
1570 2383 1637 2411 eos
1667 2370 1876 2419 remittas,
1906 2372 1982 2419 ut,

443 2425 589 2465 salva
632 2425 877 2466 libertate
922 2425 1222 2474 electionis,
1270 2437 1359 2466 nos
1404 2439 1492 2478 pro
1537 2426 1764 2468 consilio
1809 2425 1982 2467 arehi-

443 2480 671 2533 episcopi
701 2483 750 2521 et
779 2481 1258 2533 suffraganeorum,
1290 2480 1550 2523 adhibitis
1578 2481 1850 2534 religiosis
1869 2494 1983 2535 per-

443 2536 608 2584 sonis,
638 2537 797 2576 talem
826 2536 1214 2590 provideamus,
1245 2537 1333 2589 qui
1364 2538 1559 2579 eclesie
1591 2540 1640 2579 et
1669 2537 1876 2591 inperio
1907 2549 1984 2578 ex-

444 2591 686 2644 pediat.*)
735 2592 843 2633 Talis
867 2592 974 2633 enim
993 2605 1157 2633 necesse
1187 2596 1250 2633 est
1276 2596 1323 2632 ut
1353 2593 1536 2645 eligatur,
1567 2594 1637 2646 qui
1666 2594 1708 2634 111
1738 2593 1981 2646 exequendis

442 2648 517 2696 his,
548 2660 626 2699 que
656 2647 731 2688 Dei
763 2651 803 2689 et
835 2648 983 2689 cesaris
1014 2650 1120 2697 sunt,
1151 2647 1254 2688 vires
1284 2649 1433 2689 habeat
1462 2652 1503 2690 et
1533 2650 1771 2691 scientiam·

537 2746 567 2788 *)
593 2745 670 2788 Vgl.
698 2745 752 2778 die
776 2745 1008 2788 einschliigige
1025 2745 1130 2778 Stelle
1155 2745 1200 2778 im
1218 2745 1391 2779 Wormser
1408 2745 1609 2780 Konkordat
1632 2746 1710 2788 (III,
1735 2757 1786 2781 nr.
1805 2746 1874 2787 21).
1914 2745 1978 2779 Am

447 2795 476 2825 1.
494 2791 588 2824 Miirz
609 2794 695 2825 1136
721 2791 836 2825 wurde
861 2802 900 2824 zu
920 2790 1043 2824 Goslar
1059 2791 1147 2824 nach
1163 2791 1376 2834 Kassierung
1393 2791 1452 2824 der
1468 2791 1590 2826 beiden
1606 2792 1764 2826 fruheren
1783 2791 1928 2826 Wahlen
1946 2792 1982 2826 in

445 2838 650 2879 Gegenwart
674 2836 733 2870 des
749 2836 899 2874 Kaisers.
918 2837 976 2870 des
1002 2837 1151 2880 Legaten
1170 2836 1336 2879 Gerhard,
1363 2837 1421 2870 des
1437 2837 1654 2872 Erzbischofs
1678 2849 1708 2872 v.
1726 2837 1838 2872 Mainz
1862 2848 1897 2871 u.
1923 2837 1983 2871 des

442 2883 599 2916 Bischoss
608 2895 638 2917 v.
649 2882 863 2916 Hildesheim
874 2883 1174 2916 derVicedominus
1184 2882 1244 2916 der
1250 2882 1516 2917 Halberstadter
1525 2884 1661 2927 Kirche,
1672 2883 1810 2926 Rudolf,
1817 2883 1978 2928 gewahlt.
