2098 3432
1647 289 1728 330 153

143 403 373 447 cardinales
410 403 736 454 retrocedentes,
779 403 823 444 in
854 405 1041 445 castrum
1079 402 1190 443 beati
1220 403 1334 444 Petri
1375 415 1419 444 se
1461 403 1728 444 contulerunt

143 461 284 516 ibique
313 473 387 516 per
416 460 502 503 dies
524 462 614 503 octo
645 465 687 503 et
717 460 896 515 amphus
925 459 1074 502 inclusi
1105 461 1437 513 permanserunt.
1482 459 1584 502 Inde
1615 463 1729 515 post-

144 518 316 562 modum
361 531 435 573 per
473 522 684 560 senatores
725 518 882 567 educti,
921 519 1037 560 extra
1078 517 1238 559 Urbem
1278 519 1539 560 secesserunt
1578 519 1620 559 et
1663 519 1728 559 12.

144 577 290 632 postea
326 575 411 626 die,
443 576 553 630 quod
594 588 618 617 a
658 576 796 618 seculo
836 588 919 617 non
958 577 1022 617 est
1052 573 1262 625 auditum,
1302 575 1345 616 in
1386 577 1521 617 castro
1562 575 1728 617 nomine

145 633 346 684 Cisterna‚
375 632 488 675 intra
508 633 686 675 Aritiam
716 635 757 675 et
777 633 1053 682 Terracinam,
1083 632 1322 674 Rolandum
1343 632 1637 674 cancellarium
1666 633 1729 674 in-

143 691 440 733 mantaverunt
470 691 575 732 etin
596 691 789 745 sequenti
819 690 1027 732 dominica
1056 692 1412 732 consecraverunt.
1453 693 1512 732 Ac
1533 690 1728 732 continuo

143 747 360 791 mittentes
389 748 562 790 nuncios
583 761 656 803 per
682 748 922 790 universam
940 747 1119 797 Italiam,
1151 747 1365 802 episcopis,
1396 761 1448 790 ne
1480 747 1531 789 ad
1563 761 1729 790 consec-

143 805 347 848 rationem
367 805 497 848 nostri
528 805 647 848 electi
669 805 869 855 venirent,
900 805 1067 859 penitus
1089 804 1388 855 dissuaserunt,
1418 805 1626 847 minantes
1646 805 1728 847 illis

145 862 611 906 excommunicationem
651 865 692 905 et
732 862 1032 917 depositionem
1072 862 1116 903 in
1146 865 1407 917 perpetuum.
1468 862 1550 914 Qui
1587 865 1728 904 tamen

142 921 187 964 in
228 920 365 976 prima
407 920 612 963 dominica
655 921 813 963 mensis
859 919 1050 962 Octobris
1097 919 1346 962 auctoritate
1393 920 1470 962 Dei
1507 920 1728 962 honorifice

143 979 408 1022 consecratus
447 980 521 1020 est.

257 1035 365 1078 Rem
385 1035 565 1090 qualiter
585 1035 695 1077 facta
717 1037 791 1086 est,
812 1036 975 1077 vestrae
996 1034 1250 1076 fraternitati
1279 1035 1594 1085 insinuavimus,
1625 1035 1728 1077 nihil

142 1094 307 1148 praeter
335 1093 556 1136 veritatem
586 1093 873 1142 adnectentes,
904 1094 1037 1134 teste
1069 1104 1122 1134 eo
1155 1092 1240 1146 qui
1270 1092 1386 1134 falli
1416 1106 1515 1135 non
1545 1094 1728 1147 potest,

20 1143 22 1147 ⁸
70 1167 72 1170 ’
143 1152 192 1193 et
221 1150 274 1194 si·
295 1151 523 1205 angelus
555 1150 610 1192 de
642 1151 789 1192 caelo
821 1149 969 1192 aliud
1001 1149 1430 1203 euangelizaret,
1461 1163 1485 1192 a
1507 1150 1727 1192 veritate

142 1208 361 1264 penitus
412 1209 712 1250 aberraret.
780 1207 1083 1249 Verumtamen
1129 1207 1274 1257 multa,
1316 1220 1423 1261 quae
1469 1208 1579 1250 facta
1619 1212 1728 1258 sunt,

141 1265 400 1316 omittentes,
429 1265 531 1316 ista,
560 1267 685 1320 prout
714 1265 881 1307 brevius
920 1277 1167 1319 possumus,
1198 1265 1312 1306 vobis
1344 1265 1646 1318 significamus,
1678 1279 1727 1307 ne

142 1322 357 1378 prolixiore
384 1323 536 1378 pagina
565 1336 685 1366 aures
707 1325 866 1365 vestras
897 1335 1175 1365 oneraremus.
1223 1322 1338 1364 Haec
1367 1323 1510 1376 itaque
1542 1323 1728 1364 animad-

69 1386 72 1390 ’
141 1381 278 1424 vertat
319 1382 460 1423 vestra
498 1380 758 1431 fraternitas,
804 1393 932 1434 quam
977 1379 1243 1422 devotissime
1286 1381 1553 1422 obsecramus
1585 1383 1627 1422 et
1657 1381 1728 1422 ad-

142 1450 360 1481 monemus
405 1440 448 1480 et
493 1438 628 1481 modis
675 1438 867 1480 omnibus
912 1438 1063 1492 quibus
1110 1451 1334 1492 possumus
1377 1438 1645 1480 exhortamur
1684 1438 1725 1480 in

142 1495 339 1547 Domino,
381 1497 580 1550 quatinus
618 1508 755 1562 neque
795 1508 870 1551 per
899 1508 1135 1538 sermonem
1164 1508 1301 1549 neque
1342 1508 1416 1550 per
1447 1496 1665 1560 epistolam
1704 1509 1728 1538 a

139 1557 277 1596 vestro
317 1566 443 1596 sensu
479 1553 751 1605 moveamini,
792 1553 864 1596 sed
894 1553 939 1595 in
969 1553 1144 1596 veritate
1174 1553 1393 1596 nobiscum
1429 1553 1538 1595 firmi
1580 1555 1622 1595 et
1651 1554 1728 1595 im-

144 1610 318 1654 mobiles
346 1612 640 1666 permaneatis.

260 1673 356 1716 Uber
389 1680 445 1716 die
480 1682 695 1725 sogenannte
738 1679 1110 1724 Versehwcrung
1148 1679 1329 1714 Hadrians
1354 1679 1415 1715 IV.
1451 1679 1523 1714 und
1550 1679 1612 1714 der
1638 1679 1730 1714 anti-

142 1727 330 1763 kaiserlich
349 1728 535 1773 gesinnten
548 1727 741 1763 Kardinale
767 1739 815 1762 zu
840 1727 1038 1771 Anagni,
1066 1727 1129 1762 auf
1151 1727 1275 1762 Grund
1293 1727 1441 1762 welcher
1455 1727 1511 1761 die
1527 1726 1729 1762 Viktoriner

142 1775 211 1811 den
234 1775 561 1811 alexandrinischen
585 1775 802 1810 Kardinalen
836 1775 902 1810 den
927 1775 1124 1810 Charakter
1157 1774 1219 1810 der
1252 1775 1370 1810 sanior
1394 1786 1476 1821 pars
1511 1774 1727 1820 absprachen

142 1833 177 1858 ιι.
201 1833 269 1858 ιιιιι·
293 1822 360 1858 den
385 1823 447 1858 der
462 1823 574 1858 maior
597 1834 680 1869 pars
705 1823 954 1866 zuerkannten,
980 1822 1108 1857 welche
1120 1822 1399 1866 Versehworung
1425 1822 1487 1856 auf
1502 1821 1563 1857 der
1581 1822 1730 1857 Paveser

142 1869 280 1915 Synode
305 1870 494 1906 besonders
519 1870 681 1906 ausschla
684 1870 846 1915 ggebend
872 1881 954 1912 war,
981 1870 1070 1904 auch
1096 1870 1195 1905 einen
1210 1869 1393 1904 Eberhard
1410 1882 1440 1905 v.
1468 1870 1645 1913 Bamberg
1670 1881 1730 1904 zur

142 1916 334 1964 Rezeption
350 1917 495 1953 Viktors
520 1917 729 1959 vermochte,
755 1917 885 1952 welche
911 1918 1022 1952 selbst
1039 1917 1180 1953 Gerhoh
1206 1917 1282 1952 cine
1308 1917 1385 1952 Zeit
1409 1917 1494 1962 lang
1519 1917 1729 1951 schwanken

142 1964 236 2008 liess,
260 1965 341 2000 sind
366 1977 488 2000 ausser
511 1965 632 2010 obiger
647 1965 756 2000 Stelle
780 1965 829 2000 im
855 1964 1044 2000 Schreiben
1071 1965 1134 2000 der
1153 1964 1357 2000 Viktoriner
1380 1964 1542 2010 folgende
1568 1964 1729 2007 Quellen-

141 2011 267 2048 stellen
293 2024 335 2048 zu
359 2013 601 2058 vergleichen:

258 2059 380 2096 Erstes
405 2059 592 2095 Schreiben
619 2059 763 2096 Viktors
775 2060 836 2096 IV
864 2072 939 2095 vom
967 2063 1022 2096 ⁶28.
1037 2058 1194 2095 Oktober
1214 2063 1304 2096 1159
1329 2062 1372 2103 (s.
1387 2060 1528 2104 oben!):
1555 2059 1592 2094 Si
1610 2061 1728 2094 autem

141 2117 184 2142 ex
206 2109 308 2153 parte
333 2107 430 2143 illius
453 2107 607 2143 Rolandi
631 2107 807 2153 quondam
833 2108 1045 2150 cancellarii,
1071 2119 1133 2154 per
1157 2107 1452 2154 conspirationem
1480 2110 1517 2143 et
1540 2107 1729 2143 coniurati-

140 2164 240 2189 onem
265 2157 388 2190 eontra
411 2155 615 2190 aecclesiam
640 2155 707 2190 Dei
731 2157 768 2190 ct
791 2155 976 2201 imperium
990 2136 1179 2190 Wilhelmo
1192 2155 1309 2190 Siculo
1335 2155 1486 2199 astricti,
1513 2183 1520 2191 .
1569 2155 1642 2191 a.‹l
1668 2166 1728 2189 vos

140 2201 274 2248 scripta
297 2202 555 2248 pervenerint„
573 2230 582 2238 .
602 2231 610 2238 .
635 2203 822 2249 respuatis.

259 2249 406 2285 Zweites
419 2249 608 2285 Schreiben
620 2250 764 2285 Viktors
778 2250 838 2286 IV.
866 2250 1056 2294 (Livclani,
1075 2249 1239 2296 Spieileg
1262 2251 1296 2286 8.
1309 2251 1412 2295 763);
1438 2251 1586 2285 Vivente
1613 2250 1728 2285 adhu«

141 2295 966 2391 ξ’*ωἘωΑἛιῗῗῖιέἓέῗοῖῗιὲιῗιᾙῖἱὶἳιΜέξὲἇίἷὲθ
970 2297 1728 2381 ‘0503332131333{53:3211‘10d2532321335

141 2391 307 2427 mansibus
323 2392 583 2436 contrahentes,
600 2392 895 2438 quemadmodum
911 2404 973 2439 per
989 2393 1246 2428 intrusionem
1238 2393 1348 2439 ipsius
1365 2393 1531 2428 Rollandi
1549 2393 1728 2428 evidenter

140 2439 304 2492 apparuit
328 2441 365 2475 et
388 2439 492 2475 hodie
534 2439 612 2484 (der
635 2439 736 2474 Brief
767 2440 817 2475 ist
841 2441 932 2475 nach
958 2440 1020 2475 der
1043 2440 1194 2475 Paveser
1219 2440 1265 2485 Sy
1268 2441 1356 2475 node
1381 2441 1622 2485 geschrieben)
1667 2452 1727 2486 per

139 2484 254 2569 ipsaffif
271 2486 509 2569 οὲιιιὶιιιιιίιοιθε
531 2489 583 2569 let
617 2499 684 2570 peirb-
713 2487 846 2534 scripta
883 2488 927 2523 ab
963 2488 1014 2523 eis
1052 2488 1095 2523 de
1132 2487 1254 2523 eadem
1293 2488 1532 2524 coniuratione
1569 2489 1727 2523 confecta

139 2543 175 2568 m
249 2545 287 2569 ee
319 2545 425 2569 ssime
493 2545 530 2569 rc
545 2546 655 2570 aresci

257 2546 534 2617 Schreibenpger
558 2582 774 2617 Domherren
800 2594 831 2617 v.
859 2582 911 2618 St.
928 2583 1033 2617 Peter
1058 2594 1103 2618 an
1129 2583 1185 2618 die
1209 2583 1361 2618 Paveser
1385 2583 1541 2628 Synode:
1568 2583 1727 2617 Domnus

141 2627 324 2664 Rolandus
347 2630 385 2664 et
409 2629 470 2675 qui
495 2629 538 2672 ei,
564 2629 690 2664 sieut
715 2629 978 2674 dicebatur,
1003 2630 1200 2666 iuramento
1226 2633 1328 2666 erant
1353 2631 1502 2666 astricti.

257 2674 362 2711 Actio
386 2676 533 2712 Coneilii
558 2676 788 2722 (Paviensis):
813 2676 992 2712 Johannes
1018 2677 1060 2713 de
1078 2678 1207 2713 Sancto
1225 2678 1411 2725 Stephane*
1424 2680 1461 2713 et
1476 2678 1727 2713 Wolframmus

142 2721 239 2767 (ποί
250 2725 337 2760 rom.
351 2723 543 2766 Notabeln)
563 2724 696 2767 dicunt,
715 2735 752 2759 se
769 2724 956 2769 audivisse,
974 2725 1068 2771 quod
1084 2737 1180 2779 papa
1192 2725 1371 2760 Adrianus
1390 2726 1481 2761 dixit
1498 2726 1543 2760 ad
1560 2737 1629 2769 coe,
1647 2737 1725 2761 cum

142 2769 186 2806 de
201 2770 287 2806 urbe
302 2771 432 2806 exiret:
459 2770 710 2815 ‚Octavianus‘,
734 2771 862 2818 inquit,
890 2784 1003 2818 ,quem
1020 2784 1084 2817 ego
1101 2773 1182 2807 misi
1198 2773 1234 2808 in
1252 2773 1545 2817 Longobardiam,
1571 2774 1648 2808 vult
1671 2785 1726 2808 ex-

141 2817 395 2853 communicare
409 2818 708 2862 Mediolanenses3
734 2819 796 2854 sed
822 2830 886 2864 ego
911 2820 1077 2855 mandavi
1090 2820 1424 2863 Mediolanensibus,
1450 2823 1492 2855 ut
1516 2832 1585 2855 non
1602 2823 1726 2855 curent

141 2863 186 2900 de
208 2875 260 2910 eo,
284 2865 347 2901 sed
370 2865 510 2901 fortiter
534 2877 571 2901 se
596 2866 753 2901 habeant
777 2868 851 2901 tam
876 2866 946 2913 ipsi
971 2878 1077 2913 quam
1102 2867 1303 2903 Brixienses
1329 2849 1587 2914 contiaimperz
1578 2870 1722 2912 iterem,

141 2912 179 2947 et
202 2922 267 2958 ogo
290 2924 370 2948 cum
402 2913 454 2948 eis
479 2913 647 2960 disposui,
685 2914 779 2960 quod
816 2914 1008 2960 imperator
1043 2917 1186 2961 propter
1222 2926 1341 2950 eorum
1366 2915 1619 2962 impedimenta
1655 2927 1723 2950 non
