2098 3432
1633 237 1692 282 45

116 355 372 411 peccatores,
412 351 654 394 confitentes
693 353 864 407 peccata
904 365 980 394 sua
1021 365 1117 394 cum
1146 353 1359 407 lacrymis,
1398 353 1561 395 veniam
1590 353 1694 395 obti-

77 409 78 412 ’
122 412 321 461 fluerunt,
361 411 584 465 postquam
613 411 782 464 patrum
813 409 958 463 gladiis
990 409 1204 452 eliminata
1234 412 1298 452 est
1332 411 1531 465 spurcitia
1559 410 1694 464 Paga-

120 468 290 513 norum!
348 466 473 509 Videt
523 466 634 508 hoc²)
672 467 880 521 malignus
931 469 972 509 et
1005 467 1181 518 invidet,
1218 468 1382 510 frendet
1421 468 1612 509 dentibus
1651 470 1694 510 et

120 525 304 572 tumuit.
362 524 527 566 Excitat
565 537 664 566 vasa
701 524 934 578 iniquitatis
980 537 1101 575 suae,
1147 538 1222 567 nec
1260 526 1346 566 ulla
1377 525 1544 579 quidem
1574 527 1694 567 tanta

67 674 70 675 f
123 582 288 685 mmm?
299 581 1694 693 ³¹52}{lssrtesstiffinieffiffflss'tsass¹<{¹333ssJ1013⁶015m23⁰3uffi2¹1¹3

74 719 86 753 2·
120 697 311 743 unibus
335 696 526 750 deinceps
547 696 722 738 saeculis
753 696 1057 738 inconsolabilis
1088 696 1212 747 dolor,
1237 697 1348 763 quia
1371 697 1686 751 irrecuperabile

76 754 86 766 ’·
111 754 341 805 dunum,
379 754 612 808 specialiter
650 756 792 796 autem
822 753 1077 808 generationi
1107 754 1204 796 huic
1234 754 1503 809 impiissimae
1536 754 1696 796 infinita

74 863 75 866 Ἰ
124 811 304 857 contusio
335 813 377 854 et
405 811 671 866 opprobrium
701 811 1011 866 sempiternum.

107 897 109 902 ι
236 868 346 922 Quid
397 870 539 911 tamen
596 869 868 918 arbitramur,
925 868 1102 910 fratres?
1191 869 1396 922 Nunquid
1459 869 1697 911 abbreviata

70 935 271 977 fmus
300 925 468 968 Domini
508 927 582 968 aut
621 927 827 980 impotens
866 925 976 967 facta
1014 930 1080 967 est
1111 926 1161 967 ad
1194 926 1463 976 salvandum,
1505 926 1614 980 quod
1645 926 1696 967 ad

122 983 324 1028 fluendum
361 985 404 1026 61
443 984 749 1026 restituendum
797 983 874 1025 sibi
914 983 1215 1025 haereditatem
1255 996 1376 1025 suam
1409 983 1576 1038 exiguos
1606 996 1695 1025 ver-

122 1042 295 1086 miculos
331 1043 483 1084 vocat?-
548 1041 750 1095 Nunquid
795 1054 878 1083 non
922 1043 1060 1095 potest
1099 1041 1270 1083 mittere
1307 1041 1563 1095 Angelorum
1601 1041 1695 1095 plus

59 1138 62 1139 ⁷
125 1111 250 1155 quam
288 1098 504 1141 duodecim
544 1099 726 1152 legiones
770 1100 844 1140 aut
885 1100 994 1140 certe
1033 1098 1166 1140 dicere
1197 1099 1341 1149 verbo,
1382 1100 1424 1140 61
1454 1098 1697 1140 liberabitur

123 1158 262 1201 terra?
321 1155 500 1199 Omnino
530 1157 674 1198 subest
703 1156 759 1206 ei,
798 1169 895 1198 cum
925 1156 1122 1206 voluerit,
1153 1169 1295 1210 posse;
1328 1156 1420 1207 sed,
1451 1155 1539 1198 dico
1570 1156 1695 1205 vobis,

124 1215 258 1262 tentat
288 1226 358 1256 vos
377 1213 581 1256 Dominus
602 1214 716 1256 Deus
737 1215 884 1256 vester.
917 1213 1102 1268 Respicit
1132 1214 1238 1255 filios
1268 1213 1496 1263 hominum,
1528 1213 1562 1255 si
1592 1213 1695 1255 forte

125 1271 190 1322 sit,
226 1271 298 1327 qui
334 1271 542 1325 intelligat
579 1273 621 1313 et
650 1271 835 1325 requirat
873 1272 914 1313 et
955 1271 1092 1313 doleat
1136 1271 1268 1313 vicem
1313 1271 1411 1313 eius.
1471 1270 1696 1313 Miseratur

125 1329 234 1372 enim
261 1328 463 1371 Dominus
502 1330 702 1384 populum
744 1341 867 1370 suum
907 1330 950 1370 61
978 1328 1105 1383 lapsis
1136 1328 1315 1382 graviter
1344 1328 1533 1382 providet
1562 1341 1696 1370 reme-

124 1386 238 1430 dium
264 1385 459 1429 salutare.

237 1443 519 1494 Considerate,
570 1445 726 1497 quanto
771 1443 822 1484 ad
867 1443 1086 1485 salvandos
1135 1456 1208 1485 vos
1247 1443 1417 1485 artificio
1457 1443 1611 1493 utitur,
1657 1445 1697 1485 61

125 1500 424 1557 obstupescite:
454 1501 675 1543 intuemini
704 1501 870 1556 pietatis
902 1501 990 1543 eius
1023 1501 1219 1555 abyssum
1251 1502 1293 1542 61
1322 1500 1524 1551 confidite,
1555 1513 1697 1555 pecca-

125 1561 246 1602 tores.
291 1559 386 1601 Non
415 1559 507 1600 vult
535 1560 713 1601 mortem
743 1561 936 1608 vestram,
968 1558 1039 1600 sed
1070 1560 1119 1599 ut
1149 1558 1445 1600 convertamini
1476 1559 1518 1600 et
1537 1558 1697 1607 vivatis,

126 1615 224 1671 quia
261 1617 320 1659 sic
358 1616 521 1670 quaerit
550 1616 824 1666 occasionem,
864 1629 947 1658 non
978 1616 1198 1658 adversum
1227 1628 1319 1666 vos,
1359 1616 1431 1658 sed
1471 1629 1544 1670 pro
1574 1615 1700 1657 vobis.

126 1673 236 1727 Quid
280 1675 344 1717 est
386 1674 496 1716 enim
541 1674 621 1716 nisi
666 1674 871 1728 exquisita
909 1686 1079 1728 prorsus
1126 1675 1167 1715 61
1208 1673 1459 1715 inventibilis
1500 1673 1575 1715 soli
1613 1673 1700 1714 Deo

126 1731 280 1775 occasio
310 1731 573 1782 salvationis,
611 1731 721 1785 quod
751 1731 999 1781 homicidas,
1029 1733 1236 1786 raptores,
1267 1730 1486 1781 adulteros,
1516 1731 1702 1785 periuros

126 1789 378 1843 caeterisque
419 1789 622 1843 obligatos
663 1788 925 1839 criminibus,
972 1788 1090 1842 quasi
1135 1790 1303 1842 gentem
1347 1801 1453 1842 quae
1498 1788 1701 1830 iustitiam

125 1845 277 1898 fecerit,
307 1846 357 1888 de
388 1846 554 1888 servitio
585 1860 660 1889 suo
691 1847 938 1888 submonere
970 1845 1166 1899 dignatur
1198 1845 1502 1900 Omnipotens?
1561 1845 1699 1887 Nolite

126 1903 319 1954 diffidere,
348 1906 604 1959 peccatores;
636 1904 840 1958 benignus
863 1905 926 1946 681
946 1903 1161 1945 Dominus.
1213 1902 1258 1945 Si
1287 1904 1412 1945 vellet
1441 1903 1586 1967 punire
1618 1916 1700 1951 VOS,

127 1961 340 2004 servitium
380 1963 565 2004 vestrum
603 1975 686 2004 non
724 1961 845 2004 modo
875 1974 959 2003 non
989 1962 1215 2016 expeteret,
1258 1960 1329 2002 sed
1368 1973 1443 2002 nec
1474 1960 1702 2014 susciperet

128 2018 293 2084 quidem
313 2019 510 2062 oblatum.
558 2019 719 2061 Iterum
740 2019 841 2069 dico,
871 2021 1043 2073 pensate
1066 2018 1229 2060 divitias
1259 2018 1457 2060 bonitatis
1478 2018 1556 2059 Dei
1587 2018 1703 2059 altis—

126 2076 241 2127 simi,
278 2076 495 2118 consilium
535 2077 812 2119 miserationis
853 2076 1065 2118 attendite.
1124 2075 1428 2117 Necessitatem
1469 2088 1512 2117 86
1552 2075 1701 2116 habere

129 2134 201 2176 aut
228 2108 327 2176 ’facit
356 2135 430 2176 aut
459 2134 640 2185 simulat,
671 2134 772 2175 dum
802 2134 950 2176 vestris
981 2134 1095 2189 cupit
1123 2133 1439 2175 necessitatibus
1472 2132 1700 2174 subvenire.

127 2190 275 2234 Teucri
301 2192 394 2234 vult
423 2191 601 2243 debitor,
632 2195 681 2234 ut
710 2192 987 2233 militant-ibus
1019 2191 1095 2233 sibi
1127 2190 1332 2245 stipendia
1362 2190 1528 2240 reddat,
1566 2190 1703 2231 indul-

127 2248 309 2305 gentiam
346 2248 589 2291 delictorum
630 2251 672 2291 et
710 2249 884 2303 gloriam
922 2248 1228 2303 sempiternam.
1287 2248 1465 2290 Beatam
1505 2260 1599 2301 ergo
1640 2247 1699 2288 di-

130 2305 259 2348 xerim
303 2306 632 2360 generationem,
678 2319 804 2360 quam
849 2306 1093 2361 oprehendit
1138 2307 1227 2347 tam
1271 2306 1374 2347 uber
1418 2305 1699 2358 indulgentiac

129 2364 316 2418 tempu8‚
356 2376 482 2418 quam
512 2364 670 2406 invenit
700 2364 967 2418 superstitem
1000 2376 1134 2405 annus
1163 2363 1243 2405 iste
1279 2362 1493 2417 placabilis
1524 2362 1701 2403 Domino

130 2423 172 2462 et
189 2433 283 2463 vere
312 2420 526 2463 iubilaeus.
574 2421 831 2463 Diffunditur
862 2421 972 2463 enim
1002 2421 1104 2463 haec
1125 2420 1354 2462 benedictio
1385 2420 1427 2461 in
1458 2420 1699 2462 universum

129 2477 343 2528 mundum,
373 2481 415 2521 et
445 2479 498 2520 ad
528 2478 694 2533 signum
724 2479 832 2521 vitae
863 2479 1055 2521 certatim
1085 2478 1305 2520 convolant
1334 2477 1528 2519 universi.

242 2534 351 2587 Quia
385 2549 480 2590 ergo
515 2535 692 2579 fecunda
729 2539 792 2578 est
833 2536 1015 2578 virorum
1045 2535 1216 2578 fortium
1246 2537 1358 2577 terra
1387 2536 1526 2576 vestra
1568 2536 1609 2575 et
1639 2547 1703 2576 ro-

127 2592 252 2635 busta
277 2593 462 2636 noscitur
490 2593 704 2636 iuventute
735 2594 897 2644 referta,
928 2593 1036 2635 sicut
1056 2594 1147 2635 laus
1178 2594 1242 2634 681
1270 2595 1409 2634 vestra
1438 2592 1481 2633 in
1510 2593 1701 2633 universo

129 2649 284 2692 mundo
314 2652 356 2693 et
385 2651 550 2692 virtutis
580 2654 740 2693 vestrae
771 2651 882 2692 fama
911 2651 1084 2705 replevit
1114 2650 1213 2691 univ
1217 2662 1356 2692 ersum
1387 2649 1540 2699 orbem,
1570 2648 1704 2690 accin-

131 2705 274 2761 gimini
312 2709 354 2750 et
381 2721 454 2750 vos
484 2708 654 2750 viriliter
684 2711 726 2750 et
755 2708 890 2750 felicia
920 2721 1036 2750 arma
1067 2707 1238 2762 accipite
1270 2706 1494 2749 Christiani
1524 2706 1702 2748 nominis

247 2841 280 2880 a)
305 2839 371 2874 Die
386 2838 537 2882 Vorlage
560 2838 624 2872 hat
648 2837 768 2880 hom03
795 2837 852 2872 ich
878 2837 968 2872 habe
993 2837 1083 2871 116011
1109 2836 1170 2870 der
1194 2835 1501 2880 gleichlautendcn
1526 2834 1635 2868 Stelle
1661 2833 1697 2868 in

131 2895 184 2922 nr.
208 2885 294 2923 XIX
317 2886 447 2923 meiner
472 2884 678 2931 Sammlung
701 2885 766 2920 hoc
791 2885 1004 2929 eingesetzt,
1039 2883 1086 2918 da
1109 2883 1185 2918 hier
1212 2881 1617 2926 (161,Βὸ86“3611161111
1641 2880 1703 2915 ist
