2098 3432
479 303 560 342 206

479 413 651 461 advenit,
681 412 839 466 publice
870 425 1053 454 asserens
1084 415 1125 453 et
1152 425 1398 466 proponens,
1429 413 1536 465 quod
1565 414 1666 455 nihil
1694 414 1832 455 contra
1859 426 1930 456 vos
1960 413 2010 456 ad

479 469 671 509 honorem
701 468 763 509 sui
792 468 906 509 labor
935 471 976 509 et
1005 469 1187 510 studium
1215 469 1469 522 imperatoris
1498 470 1745 522 proficerent,
1779 470 1857 512 11131
1868 471 1896 504 ⁸>
1925 469 2010 512 eius

479 526 577 564 tunc
606 524 768 577 penitus
799 525 1014 565 assentiret
1043 525 1230 566 consiliis.
1277 525 1447 566 Dicebat
1476 525 1594 575 enim,
1626 526 1732 578 quod
1759 525 1890 579 potior
1917 538 2011 579 pars

478 580 634 633 imperii
678 580 885 621 vobiscum
937 582 1041 629 erat,
1086 592 1406 622 commemorans
1450 580 1602 622 scilicet
1642 581 2011 634 Salzeburgensem,

478 636 765 688 Moguntinum
786 638 827 676 et
847 636 956 686 alios,
978 637 1046 689 qui
1065 636 1113 677 de
1124 636 1364 677 Alemannia
1379 639 1536 678 vestrae
1558 638 1838 690 obtemperant
1847 638 1876 670 ¹³>
1897 649 2012 679 sanc-

478 692 597 732 titati.
642 692 935 733 Verumtamen
965 693 1015 733 ad
1045 693 1387 745 magnificandum
1416 705 1458 733 se
1488 693 1641 746 ipsum:
1673 693 1840 742 ,Plures‚
1868 693 2012 746 inquit,

479 760 603 800 quam
641 761 714 789 1103
767 761 928 797 311111113,
973 748 1023 789 ad
1053 748 1323 789 obedientiam
1360 749 1567 802 apostolici
1609 749 1737 790 nostri
1780 749 2012 802 conquisivi,

478 817 580 856 quos
627 804 662 845 ei
708 816 777 844 rex
821 805 1067 857 Anglorum,
1105 817 1273 846 numero
1314 804 1610 857 quinquaginta
1646 807 1687 845 et
1715 805 1861 858 plures,
1899 804 2013 846 iuxta

479 860 629 901 domini
644 860 896 913 imperatoris
917 861 1215 914 beneplacitum
1237 860 1459 901 exhibebit!
1473 861 1512 913 *)
1561 860 1700 911 Quum
1715 860 1840 913 igitur
1855 860 1893 902 ei
1913 861 2013 902 talia

477 916 731 969 promittenti
761 918 802 957 et
835 916 885 957 ad
923 916 1209 957 certitudinem
1237 917 1360 958 huius
1389 916 1447 957 rei
1479 917 1579 958 duos
1616 917 1786 958 nuncios
1814 916 2010 970 praedicti

478 972 584 1024 regis
613 972 935 1026 praesentialiter
972 973 1173 1013 exhibenti
1205 973 1252 1014 de
1273 972 1550 1026 prosequendo
1582 972 1667 1013 eius
1697 973 1860 1014 consilio
1891 985 2012 1014 suum

478 1029 698 1082 imperator
717 1028 974 1082 polliceretur
995 1041 1217 1078 assensum,
1240 1030 1281 1069 in
1303 1028 1513 1069 audientia
1533 1030 1772 1070 cunctorum
1786 1028 2014 1082 principum

479 1084 712 1125 huiusmodi
742 1085 955 1126 consilium
983 1085 1218 1138 imperatori
1247 1084 1455 1126 formavit:

590 1140 707 1191 Quod
744 1141 851 1194 ipse,
888 1141 1073 1182 videlicet
1108 1141 1347 1194 imperator,
1386 1140 1428 1181 in
1467 1142 1683 1194 conspectu
1719 1140 1846 1181 totius
1876 1140 2012 1181 curiae

478 1197 640 1250 propria
684 1209 810 1237 manu
854 1197 1025 1245 iuraret,
1070 1197 1176 1249 quod
1222 1197 1333 1238 nullo
1373 1209 1570 1249 umquam
1607 1197 1735 1237 totius
1773 1196 1880 1237 vitae
1915 1208 2013 1237 suae

479 1257 658 1307 tempore
687 1266 757 1294 vos
787 1253 850 1294 vel
880 1253 1076 1305 aliquem,
1116 1254 1185 1305 qui
1217 1266 1264 1294 ex
1292 1254 1406 1306 parte
1435 1254 1570 1294 vestra
1599 1252 1672 1301 sit,
1700 1251 1743 1292 in
1783 1251 2014 1305 pontificem

478 1309 712 1350 Romanum
741 1309 946 1362 reciperet,
977 1309 1047 1350 sed
1081 1309 1279 1350 devotioni
1308 1321 1436 1363 papae
1467 1309 1530 1350 sui
1549 1307 1758 1350 Paschalis
1777 1307 2014 1349 inconcusse

479 1378 637 1418 semper
667 1366 708 1406 et
727 1365 1048 1418 inseparabiliter
1078 1365 1333 1412 adhaereret;
1365 1365 1397 1406 si
1418 1377 1511 1406 vero
1531 1364 1636 1405 mori
1654 1364 1786 1404 illium
1807 1365 1901 1405 ante
1921 1376 2015 1406 con-

478 1421 662 1474 tingeret,
683 1422 758 1462 hoc
778 1421 914 1475 ipsum
933 1421 1208 1462 iuramentum
1229 1421 1291 1462 sui
1313 1433 1561 1462 successores
1583 1421 1851 1462 observarent.
1897 1420 2014 1462 Prin-

480 1478 588 1530 cipes
622 1490 715 1519 vero
751 1490 845 1518 suos
879 1477 919 1518 id
947 1477 1083 1530 ipsum
1105 1477 1236 1518 iurare
1258 1477 1527 1530 compelleret,
1557 1476 1712 1518 adiecto
1732 1475 1774 1516 in
1795 1476 2014 1517 eorundem

480 1534 707 1587 principum
750 1534 988 1583 iuramento,
1027 1533 1144 1586 quod,
1176 1534 1210 1574 si
1239 1534 1352 1587 prius
1382 1533 1600 1586 imperator
1629 1532 1775 1582 obiret,
1813 1531 2014 1586 principes

480 1590 557 1643 ipsi
585 1590 745 1630 nullum
776 1591 895 1630 antea
923 1591 1160 1631 coronarent
1188 1590 1227 1630 in
1260 1602 1408 1642 regem,
1439 1601 1563 1641 quam
1582 1588 1627 1638 is,
1658 1588 1728 1641 qui
1762 1588 2014 1630 coronandus

482 1647 607 1695 esset,
647 1646 695 1687 de
731 1646 904 1687 tenendo
947 1650 987 1687 et
1016 1645 1184 1687 fovendo
1215 1645 1355 1686 eodem
1385 1644 1641 1686 schismatico
1671 1645 1713 1685 et
1741 1644 1827 1685 eius
1857 1656 2015 1686 succes-

481 1702 637 1743 soribus
674 1702 781 1743 idem
820 1702 971 1743 faceret
1006 1702 1293 1743 iuramentum.
1350 1701 1404 1742 Et
1441 1700 1548 1753 quod
1585 1700 1784 1754 principes
1811 1700 1919 1742 infra
1946 1712 2016 1742 sex

482 1758 766 1808 hebdomadas,
796 1760 1013 1811 postquam
1047 1758 1096 1799 de
1125 1757 1236 1799 curia
1265 1757 1315 1798 ad
1334 1757 1494 1811 propria
1522 1757 1609 1798 loca
1637 1755 1847 1804 redissent,
1877 1768 2015 1798 omnes

481 1815 665 1864 abbates,
726 1814 974 1868 praepositos
1027 1815 1068 1855 et
1121 1814 1219 1855 alios
1269 1814 1529 1855 ecclesiarum
1585 1813 1808 1866 praelatos,
1864 1812 2015 1853 milites

481 1883 637 1924 quoque
667 1872 708 1911 et
737 1871 836 1912 alios
865 1883 1024 1920 omnes,
1063 1870 1132 1924 qui
1165 1870 1207 1910 in
1235 1870 1333 1911 locis
1364 1882 1504 1911 eorum
1534 1869 1687 1922 aliquos
1715 1869 1886 1910 honores
1915 1868 2016 1910 obti-

481 1982 759 2017 Scismaticorum
784 1981 928 2027 perfidia
959 2009 967 2017 .
995 2008 1003 2016 .
1029 2009 1037 2016 .
1075 1981 1229 2015 fidelium
1253 1981 1465 2026 quorundam
1491 1980 1622 2014 animos
1647 1979 1730 2014 adeo
1754 1979 1875 2014 molita
1897 1981 1952 2014 est
1975 1979 2016 2013 de

482 2040 565 2062 novo
590 2029 789 2071 immutare,
822 2030 879 2071 ut,
914 2028 981 2062 nisi
1014 2028 1141 2062 morbis
1165 2027 1260 2062 novis
1284 2038 1371 2062 nova
1394 2027 1544 2061 remedia
1578 2026 1747 2060 maturius
1779 2025 2015 2066 obiicerentur,

483 2086 586 2120 pars
611 2086 693 2119 quo
707 2074 887 2108 rundam
911 2076 1166 2108 nostrorum
1192 2085 1271 2108 non
1295 2073 1427 2108 immo
1440 2073 1541 2107 (lica
1569 2072 1809 2106 videretur
1830 2082 1870 2106 ex
1890 2071 2017 2106 fiducia

482 2124 618 2155 nostrae
642 2121 798 2155 lenitatis
823 2131 839 2154 s
849 2132 867 2154 e
875 2120 897 2154 d
906 2132 926 2154 u
935 2132 953 2154 0
963 2132 981 2154 0
988 2132 1011 2154 11
1021 2120 1043 2154 d
1054 2131 1084 2155 a.

598 2167 630 2211 a)
658 2166 768 2201 Giles:
794 2178 870 2209 1100;
897 2167 931 2207 b)
957 2165 1054 2201 Giles
1067 2179 1074 2200 :
1101 2166 1356 2210 obtemperarit.

598 2213 629 2253 *)
655 2213 719 2247 Die
736 2213 820 2246 Zahl
839 2215 881 2247 50
906 2213 961 2246 fiir
979 2213 1033 2246 die
1049 2212 1247 2255 englischen
1264 2212 1422 2246 Bischofe
1442 2211 1556 2245 diirfte
1572 2211 1646 2245 eine
1661 2203 1917 2253 Ubertreibung
1932 2209 2015 2244 sein.

483 2260 571 2294 Dass
589 2259 644 2293 die
656 2259 741 2293 Zahl
758 2260 839 2293 aber
855 2259 915 2292 auf
932 2259 1007 2292 dem
1025 2258 1232 2302 Reichstage
1249 2258 1402 2291 wirklich
1427 2260 1580 2301 genannt
1596 2257 1731 2291 worden
1747 2256 1806 2299 ist,
1831 2255 1916 2299 geht
1930 2255 2017 2290 noch

483 2318 544 2340 aus
560 2306 668 2340 einem
687 2305 815 2339 andern
832 2305 1138 2348 zeitgenossischen
1156 2305 1268 2338 Briefe
1285 2305 1423 2346 hervor;
1449 2304 1547 2338 darin
1571 2303 1682 2337 heisst
1696 2314 1743 2345 es,
1769 2302 1829 2336 der
1844 2301 2017 2345 englische

483 2352 596 2396 Konig
611 2351 699 2386 habe
718 2351 816 2385 keine
834 2354 875 2385 50
889 2351 1058 2392 Bischtffe,
1077 2351 1131 2384 die
1148 2362 1184 2384 er
1198 2361 1256 2384 zur
1269 2350 1470 2394 Verfiigung
1482 2350 1603 2383 stellen
1618 2350 1726 2383 konne
1739 2348 1911 2393 (Bouquet
1922 2347 2016 2389 XVI,

483 2400 576 2441 238).
600 2417 646 2422 —
663 2397 854 2431 Alexander
869 2397 936 2431 III.
954 2397 1106 2430 schreibt
1123 2408 1178 2430 am
1198 2399 1249 2430 16.
1268 2397 1339 2430 Mai
1359 2399 1445 2431 1166
1463 2407 1506 2429 an
1524 2396 1589 2429 den
1605 2394 1806 2429 Erzbischof
1819 2405 1883 2428 von
1898 2393 2017 2428 Rouen

483 2445 623 2488 (Migne,
656 2444 784 2478 Patrol.
810 2443 905 2478 Curs.
931 2443 969 2477 T.
996 2442 1060 2486 CC,
1095 2443 1176 2486 417)
1188 2455 1195 2476 :
1236 2441 1374 2484 Quanta
1407 2442 1498 2476 mala
1531 2444 1566 2475 et
1600 2443 1684 2486 quot
1712 2440 1926 2475 incommoda
1958 2450 2018 2484 per

483 2491 721 2524 charissimum
746 2490 781 2523 in
801 2489 938 2524 Christo
963 2489 1072 2523 filium
1095 2491 1250 2522 nostrum
1271 2488 1468 2530 Henricum‚
1493 2488 1662 2521 illustrem
1678 2486 1868 2530 Anglorum
1891 2496 2016 2530 regem,

482 2537 656 2571 Romanae
680 2536 842 2571 ecclesiae
878 2538 913 2570 et
937 2535 1034 2569 nobis
1060 2535 1256 2576 acciderint,
1282 2537 1463 2579 postquam
1487 2545 1526 2568 ex
1551 2535 1649 2578 parte
1675 2534 1718 2567 ab
1743 2532 1816 2566 eius
1841 2531 2017 2566 devotione

483 2595 519 2617 se
544 2582 749 2625 absentavit,
773 2593 812 2616 ex
836 2593 874 2616 eo
898 2581 1077 2615 manifeste
1101 2581 1298 2626 percipitur,
1323 2581 1413 2625 quod
1438 2580 1449 2613 i
1459 2580 1472 2614 l
1482 2580 1493 2614 l
1503 2580 1515 2614 i
1539 2580 1580 2614 vi
1590 2591 1632 2613 ro
1657 2591 1673 2613 3
1683 2591 1701 2613 0
1710 2579 1775 2613 ele
1785 2589 1830 2612 ra
1838 2579 1855 2612 t
1864 2589 1884 2612 o
1897 2605 1904 2620 ‚
1929 2589 1953 2622 p
1961 2588 1979 2611 0
1987 2588 2018 2611 r-

483 2629 576 2663 fido
609 2631 650 2663 et
679 2628 855 2662 crudeli
885 2630 929 2662 et
959 2627 1094 2661 huius
1131 2627 1399 2660 schismatis
1435 2626 1599 2660 erroris
1636 2625 1856 2669 magistro
1886 2623 2019 2668 Regi-

483 2688 505 2709 n
515 2687 536 2709 a
546 2676 557 2709 1
566 2675 588 2709 d
599 2686 618 2709 0
628 2703 636 2718 ,
671 2674 842 2719 quondam
873 2673 1075 2708 cancellario
1084 2701 1092 2715 ‚
1123 2673 1375 2706 communicans
1408 2683 1467 2717 per
1491 2683 1586 2715 suos,
1619 2683 1702 2716 quos
1733 2670 1777 2704 ad
1802 2669 2017 2704 Fredericum

484 2722 612 2756 dictum
639 2721 877 2766 imperatorem
901 2719 1096 2754 transmisit
1107 2747 1115 2763 ,
1140 2730 1211 2753 000
1221 2730 1241 2752 a
1251 2719 1344 2752 sion
1355 2729 1414 2752 em
1439 2720 1480 2752 et
1502 2729 1537 2752 m
1547 2720 1644 2752 ater
1654 2718 1735 2751 iam
1758 2715 1998 2761 praestitit
2009 2743 2016 2757 ,

485 2779 535 2812 qu
547 2779 566 2802 o
578 2768 599 2801 d
634 2767 746 2802 idem
777 2766 1041 2800 Fredericus
1073 2765 1286 2799 inductus
1311 2766 1377 2798 est
1409 2765 1458 2798 ad
1492 2764 1573 2798 illu
1585 2764 1607 2798 d
1639 2761 1950 2798 detestandum
1973 2763 2019 2795 et

484 2814 716 2859 profanum
752 2813 1069 2855 iuramentum,
1106 2812 1188 2845 imo
1223 2810 1465 2856 periurium
1503 2810 1757 2844 faciendum.
1806 2808 1871 2842 Die
1894 2807 2018 2842 beiden

484 2860 681 2904 englischen
707 2858 904 2894 Gesandten
928 2858 1066 2892 wnrden
1091 2857 1400 2892 exkommuniziert.
1757 2855 1760 2858 ’
