<?xml version="1.0" encoding="UTF-8"?>
<!DOCTYPE html PUBLIC "-//W3C//DTD XHTML 1.0 Transitional//EN"
    "http://www.w3.org/TR/xhtml1/DTD/xhtml1-transitional.dtd">
<html xmlns="http://www.w3.org/1999/xhtml" xml:lang="en" lang="en">
 <head>
  <title>
</title>
<meta http-equiv="Content-Type" content="text/html;charset=utf-8" />
  <meta name='ocr-system' content='tesseract 3.04.00' />
  <meta name='ocr-capabilities' content='ocr_page ocr_carea ocr_par ocr_line ocrx_word'/>
</head>
<body>
  <div class='ocr_page' id='page_1' title='image "./monumentagermani04doebuoft_0312.png"; bbox 0 0 2098 3432; ppageno 0'>
   <div class='ocr_carea' id='block_1_1' title="bbox 416 315 498 357">
    <p class='ocr_par' dir='ltr' id='par_1_1' title="bbox 416 315 498 357">
     <span class='ocr_line' id='line_1_1' title="bbox 416 315 498 357; baseline 0 0"><span class='ocrx_word' id='word_1_1' title='bbox 416 315 498 357; x_wconf 81' lang='lat'>298</span> 
     </span>
    </p>
   </div>
   <div class='ocr_carea' id='block_1_2' title="bbox 493 392 1868 549">
    <p class='ocr_par' dir='ltr' id='par_1_2' title="bbox 493 392 1868 549">
     <span class='ocr_line' id='line_1_2' title="bbox 493 392 1868 490; baseline 0.001 -9"><span class='ocrx_word' id='word_1_2' title='bbox 493 426 582 481; x_wconf 75' lang='lat' dir='ltr'>nv.</span> <span class='ocrx_word' id='word_1_3' title='bbox 618 426 863 482; x_wconf 73' lang='lat' dir='ltr'>Constitutio</span> <span class='ocrx_word' id='word_1_4' title='bbox 897 429 1043 483; x_wconf 79' lang='lat' dir='ltr'>contra</span> <span class='ocrx_word' id='word_1_5' title='bbox 1074 427 1364 490; x_wconf 73' lang='lat' dir='ltr'>incendiarios,</span> <span class='ocrx_word' id='word_1_6' title='bbox 1381 392 1468 483; x_wconf 67' lang='grc'>30.</span> <span class='ocrx_word' id='word_1_7' title='bbox 1502 428 1723 485; x_wconf 74' lang='lat' dir='ltr'>liezomber</span> <span class='ocrx_word' id='word_1_8' title='bbox 1757 429 1868 485; x_wconf 88' lang='grc'><strong>1188.</strong></span> 
     </span>
     <span class='ocr_line' id='line_1_3' title="bbox 854 503 1516 549; baseline 0.003 -11"><span class='ocrx_word' id='word_1_9' title='bbox 854 504 959 548; x_wconf 83' lang='lat' dir='ltr'>(Mon.</span> <span class='ocrx_word' id='word_1_10' title='bbox 978 503 1090 539; x_wconf 76' lang='lat' dir='ltr'>Germ.</span> <span class='ocrx_word' id='word_1_11' title='bbox 1108 505 1198 548; x_wconf 79' lang='lat' dir='ltr'>legg.</span> <span class='ocrx_word' id='word_1_12' title='bbox 1215 504 1262 547; x_wconf 88' lang='lat'>11,</span> <span class='ocrx_word' id='word_1_13' title='bbox 1290 504 1516 549; x_wconf 81' lang='lat'>183—185.¹·)</span> 
     </span>
    </p>
   </div>
   <div class='ocr_carea' id='block_1_3' title="bbox 417 576 1952 806">
    <p class='ocr_par' dir='ltr' id='par_1_3' title="bbox 417 576 1952 806">
     <span class='ocr_line' id='line_1_4' title="bbox 533 576 1950 626; baseline 0.003 -15"><span class='ocrx_word' id='word_1_14' title='bbox 533 576 734 621; x_wconf 88' lang='lat' dir='ltr'>[Chronicon</span> <span class='ocrx_word' id='word_1_15' title='bbox 749 577 981 622; x_wconf 86' lang='lat' dir='ltr'>Urspergense</span> <span class='ocrx_word' id='word_1_16' title='bbox 1007 577 1050 611; x_wconf 88' lang='lat' dir='ltr'>ad</span> <span class='ocrx_word' id='word_1_17' title='bbox 1075 589 1201 612; x_wconf 88' lang='lat' dir='ltr'>aunum</span> <span class='ocrx_word' id='word_1_18' title='bbox 1230 581 1333 613; x_wconf 82' lang='lat'>1187:</span> <span class='ocrx_word' id='word_1_19' title='bbox 1359 579 1407 612; x_wconf 88' lang='lat' dir='ltr'>Eo</span> <span class='ocrx_word' id='word_1_20' title='bbox 1433 590 1520 613; x_wconf 85' lang='lat' dir='ltr'>anno</span> <span class='ocrx_word' id='word_1_21' title='bbox 1543 579 1736 614; x_wconf 83' lang='lat' dir='ltr'>Fridericus</span> <span class='ocrx_word' id='word_1_22' title='bbox 1754 581 1950 626; x_wconf 84' lang='lat' dir='ltr'>imperator,</span> 
     </span>
     <span class='ocr_line' id='line_1_5' title="bbox 417 623 1952 669; baseline 0.003 -13"><span class='ocrx_word' id='word_1_23' title='bbox 417 624 484 657; x_wconf 90' lang='lat' dir='ltr'>iam</span> <span class='ocrx_word' id='word_1_24' title='bbox 501 634 598 657; x_wconf 87' lang='lat' dir='ltr'>cruce</span> <span class='ocrx_word' id='word_1_25' title='bbox 616 623 784 666; x_wconf 85' lang='lat' dir='ltr'>signatus,</span> <span class='ocrx_word' id='word_1_26' title='bbox 811 625 1013 657; x_wconf 88' lang='lat' dir='ltr'>conventum</span> <span class='ocrx_word' id='word_1_27' title='bbox 1037 624 1227 668; x_wconf 79' lang='lat' dir='ltr'>principum</span> <span class='ocrx_word' id='word_1_28' title='bbox 1253 624 1343 668; x_wconf 88' lang='lat' dir='ltr'>apud</span> <span class='ocrx_word' id='word_1_29' title='bbox 1368 624 1560 658; x_wconf 86' lang='lat' dir='ltr'>Nurinberc</span> <span class='ocrx_word' id='word_1_30' title='bbox 1584 626 1799 669; x_wconf 79' lang='lat' dir='ltr'>coadunavit,</span> <span class='ocrx_word' id='word_1_31' title='bbox 1826 627 1884 661; x_wconf 90' lang='lat' dir='ltr'>ubi</span> <span class='ocrx_word' id='word_1_32' title='bbox 1910 627 1952 661; x_wconf 86' lang='lat' dir='ltr'>de</span> 
     </span>
     <span class='ocr_line' id='line_1_6' title="bbox 419 669 1951 718; baseline 0.003 -16"><span class='ocrx_word' id='word_1_33' title='bbox 419 680 498 713; x_wconf 87' lang='lat' dir='ltr'>pace</span> <span class='ocrx_word' id='word_1_34' title='bbox 522 671 633 702; x_wconf 87' lang='lat' dir='ltr'>terrae</span> <span class='ocrx_word' id='word_1_35' title='bbox 658 669 828 712; x_wconf 78' lang='lat' dir='ltr'>disposuit</span> <span class='ocrx_word' id='word_1_36' title='bbox 852 671 887 702; x_wconf 94' lang='lat' dir='ltr'>et</span> <span class='ocrx_word' id='word_1_37' title='bbox 911 669 947 703; x_wconf 88' lang='lat' dir='ltr'>in</span> <span class='ocrx_word' id='word_1_38' title='bbox 962 669 1100 703; x_wconf 77' lang='lat' dir='ltr'>litteras</span> <span class='ocrx_word' id='word_1_39' title='bbox 1117 669 1227 713; x_wconf 84' lang='lat' dir='ltr'>redigi</span> <span class='ocrx_word' id='word_1_40' title='bbox 1252 670 1364 712; x_wconf 91' lang='lat' dir='ltr'>iussit,</span> <span class='ocrx_word' id='word_1_41' title='bbox 1390 681 1475 715; x_wconf 88' lang='lat' dir='ltr'>quas</span> <span class='ocrx_word' id='word_1_42' title='bbox 1491 670 1628 704; x_wconf 85' lang='lat' dir='ltr'>litteras</span> <span class='ocrx_word' id='word_1_43' title='bbox 1643 671 1827 707; x_wconf 73' lang='lat' dir='ltr'>Alamanni</span> <span class='ocrx_word' id='word_1_44' title='bbox 1844 683 1951 718; x_wconf 84' lang='lat' dir='ltr'>usque</span> 
     </span>
     <span class='ocr_line' id='line_1_7' title="bbox 418 715 1951 761; baseline 0.003 -13"><span class='ocrx_word' id='word_1_45' title='bbox 418 717 452 749; x_wconf 88' lang='lat' dir='ltr'>in</span> <span class='ocrx_word' id='word_1_46' title='bbox 468 726 606 760; x_wconf 84' lang='lat' dir='ltr'>presens</span> <span class='ocrx_word' id='word_1_47' title='bbox 625 715 682 748; x_wconf 80' lang='lat' dir='ltr'>fri</span> <span class='ocrx_word' id='word_1_48' title='bbox 695 715 818 748; x_wconf 90' lang='lat' dir='ltr'>debri</span> <span class='ocrx_word' id='word_1_49' title='bbox 831 715 888 757; x_wconf 85' lang='lat' dir='ltr'>ef,</span> <span class='ocrx_word' id='word_1_50' title='bbox 905 715 942 748; x_wconf 91' lang='lat' dir='ltr'>id</span> <span class='ocrx_word' id='word_1_51' title='bbox 959 717 1013 749; x_wconf 89' lang='lat' dir='ltr'>est</span> <span class='ocrx_word' id='word_1_52' title='bbox 1028 715 1164 749; x_wconf 78' lang='lat' dir='ltr'>litteras</span> <span class='ocrx_word' id='word_1_53' title='bbox 1180 716 1285 760; x_wconf 77' lang='lat' dir='ltr'>pacis,</span> <span class='ocrx_word' id='word_1_54' title='bbox 1311 718 1442 758; x_wconf 88' lang='lat' dir='ltr'>vocant,</span> <span class='ocrx_word' id='word_1_55' title='bbox 1468 727 1529 750; x_wconf 87' lang='lat' dir='ltr'>nec</span> <span class='ocrx_word' id='word_1_56' title='bbox 1546 716 1623 750; x_wconf 79' lang='lat' dir='ltr'>aliis</span> <span class='ocrx_word' id='word_1_57' title='bbox 1639 717 1772 761; x_wconf 87' lang='lat' dir='ltr'>legibus</span> <span class='ocrx_word' id='word_1_58' title='bbox 1789 720 1951 760; x_wconf 88' lang='lat' dir='ltr'>utuntur;</span> 
     </span>
     <span class='ocr_line' id='line_1_8' title="bbox 417 761 1952 806; baseline 0.003 -12"><span class='ocrx_word' id='word_1_59' title='bbox 417 761 477 794; x_wconf 83' lang='lat' dir='ltr'>sed</span> <span class='ocrx_word' id='word_1_60' title='bbox 500 772 561 794; x_wconf 85' lang='lat' dir='ltr'>nec</span> <span class='ocrx_word' id='word_1_61' title='bbox 586 761 714 794; x_wconf 88' lang='lat' dir='ltr'>eisdem</span> <span class='ocrx_word' id='word_1_62' title='bbox 738 763 828 794; x_wconf 85' lang='lat' dir='ltr'>recte</span> <span class='ocrx_word' id='word_1_63' title='bbox 854 762 1009 803; x_wconf 90' lang='lat' dir='ltr'>utuntur,</span> <span class='ocrx_word' id='word_1_64' title='bbox 1034 763 1198 806; x_wconf 84' lang='lat' dir='ltr'>tanquam</span> <span class='ocrx_word' id='word_1_65' title='bbox 1230 773 1313 803; x_wconf 80' lang='lat' dir='ltr'>gens</span> <span class='ocrx_word' id='word_1_66' title='bbox 1339 763 1485 806; x_wconf 85' lang='lat' dir='ltr'>agrestis</span> <span class='ocrx_word' id='word_1_67' title='bbox 1509 764 1545 796; x_wconf 91' lang='lat' dir='ltr'>et</span> <span class='ocrx_word' id='word_1_68' title='bbox 1574 762 1752 798; x_wconf 84' lang='lat' dir='ltr'>indomita.</span> <span class='ocrx_word' id='word_1_69' title='bbox 1801 763 1952 806; x_wconf 88' lang='lat' dir='ltr'>Quarum</span> 
     </span>
    </p>
   </div>
   <div class='ocr_carea' id='block_1_4' title="bbox 417 807 1953 898">
    <p class='ocr_par' dir='ltr' id='par_1_4' title="bbox 417 807 1953 898">
     <span class='ocr_line' id='line_1_9' title="bbox 417 807 1953 852; baseline 0.003 -12"><span class='ocrx_word' id='word_1_70' title='bbox 417 810 567 841; x_wconf 89' lang='lat' dir='ltr'>tenorem</span> <span class='ocrx_word' id='word_1_71' title='bbox 591 807 671 841; x_wconf 89' lang='lat' dir='ltr'>huic</span> <span class='ocrx_word' id='word_1_72' title='bbox 695 807 786 851; x_wconf 88' lang='lat' dir='ltr'>operi</span> <span class='ocrx_word' id='word_1_73' title='bbox 812 807 969 841; x_wconf 81' lang='lat' dir='ltr'>duximus</span> <span class='ocrx_word' id='word_1_74' title='bbox 993 807 1222 850; x_wconf 86' lang='lat' dir='ltr'>inserendum,</span> <span class='ocrx_word' id='word_1_75' title='bbox 1256 809 1424 852; x_wconf 86' lang='lat' dir='ltr'>quatenus</span> <span class='ocrx_word' id='word_1_76' title='bbox 1449 808 1571 842; x_wconf 87' lang='lat' dir='ltr'>saltem</span> <span class='ocrx_word' id='word_1_77' title='bbox 1596 809 1649 842; x_wconf 85' lang='lat' dir='ltr'>lex</span> <span class='ocrx_word' id='word_1_78' title='bbox 1674 811 1746 843; x_wconf 85' lang='lat' dir='ltr'>tam</span> <span class='ocrx_word' id='word_1_79' title='bbox 1773 810 1953 845; x_wconf 83' lang='lat' dir='ltr'>decurtata</span> 
     </span>
     <span class='ocr_line' id='line_1_10' title="bbox 418 852 1106 898; baseline 0 -12"><span class='ocrx_word' id='word_1_80' title='bbox 418 864 483 887; x_wconf 86' lang='lat' dir='ltr'>non</span> <span class='ocrx_word' id='word_1_81' title='bbox 509 855 627 898; x_wconf 88' lang='lat' dir='ltr'>pereat</span> <span class='ocrx_word' id='word_1_82' title='bbox 651 853 693 886; x_wconf 91' lang='lat' dir='ltr'>de</span> <span class='ocrx_word' id='word_1_83' title='bbox 718 852 893 886; x_wconf 88' lang='lat' dir='ltr'>hominum</span> <span class='ocrx_word' id='word_1_84' title='bbox 917 853 1106 897; x_wconf 73' lang='lat' dir='ltr'>memoria]</span> 
     </span>
    </p>
   </div>
   <div class='ocr_carea' id='block_1_5' title="bbox 418 899 1955 1066">
    <p class='ocr_par' dir='ltr' id='par_1_5' title="bbox 418 899 1955 1066">
     <span class='ocr_line' id='line_1_11' title="bbox 558 899 1954 955; baseline 0.002 -16"><span class='ocrx_word' id='word_1_85' title='bbox 558 899 784 940; x_wconf 85' lang='lat' dir='ltr'>Fridericus</span> <span class='ocrx_word' id='word_1_86' title='bbox 828 899 905 939; x_wconf 90' lang='lat' dir='ltr'>Dei</span> <span class='ocrx_word' id='word_1_87' title='bbox 948 900 1078 952; x_wconf 85' lang='lat' dir='ltr'>gratia</span> <span class='ocrx_word' id='word_1_88' title='bbox 1121 900 1398 941; x_wconf 85' lang='lat' dir='ltr'>Romanorum</span> <span class='ocrx_word' id='word_1_89' title='bbox 1446 900 1666 954; x_wconf 90' lang='lat' dir='ltr'>imperator</span> <span class='ocrx_word' id='word_1_90' title='bbox 1710 903 1751 942; x_wconf 90' lang='lat' dir='ltr'>et</span> <span class='ocrx_word' id='word_1_91' title='bbox 1795 913 1954 955; x_wconf 85' lang='lat' dir='ltr'>semper</span> 
     </span>
     <span class='ocr_line' id='line_1_12' title="bbox 419 955 1954 1011; baseline 0.001 -15"><span class='ocrx_word' id='word_1_92' title='bbox 419 957 629 1008; x_wconf 86' lang='lat' dir='ltr'>augustus.</span> <span class='ocrx_word' id='word_1_93' title='bbox 667 955 794 996; x_wconf 82' lang='lat' dir='ltr'>Decet</span> <span class='ocrx_word' id='word_1_94' title='bbox 822 955 1027 996; x_wconf 87' lang='lat' dir='ltr'>felicitatis</span> <span class='ocrx_word' id='word_1_95' title='bbox 1039 958 1064 988; x_wconf 65' lang='grc' dir='ltr'>ιι)</span> <span class='ocrx_word' id='word_1_96' title='bbox 1094 957 1256 996; x_wconf 87' lang='lat' dir='ltr'>nostrae</span> <span class='ocrx_word' id='word_1_97' title='bbox 1286 958 1479 1009; x_wconf 89' lang='lat' dir='ltr'>tempora,</span> <span class='ocrx_word' id='word_1_98' title='bbox 1509 957 1686 1008; x_wconf 88' lang='lat' dir='ltr'>generali</span> <span class='ocrx_word' id='word_1_99' title='bbox 1714 957 1954 1011; x_wconf 89' lang='lat' dir='ltr'>populorum</span> 
     </span>
     <span class='ocr_line' id='line_1_13' title="bbox 418 1011 1955 1066; baseline 0.001 -14"><span class='ocrx_word' id='word_1_100' title='bbox 418 1012 708 1064; x_wconf 84' lang='lat' dir='ltr'>provintiarum</span> <span class='ocrx_word' id='word_1_101' title='bbox 753 1011 1039 1063; x_wconf 84' lang='lat' dir='ltr'>tranquillitati</span> <span class='ocrx_word' id='word_1_102' title='bbox 1082 1011 1449 1065; x_wconf 78' lang='lat' dir='ltr'>circumspectionis</span> <span class='ocrx_word' id='word_1_103' title='bbox 1492 1014 1654 1054; x_wconf 89' lang='lat' dir='ltr'>nostrae</span> <span class='ocrx_word' id='word_1_104' title='bbox 1693 1013 1826 1054; x_wconf 89' lang='lat' dir='ltr'>studio</span> <span class='ocrx_word' id='word_1_105' title='bbox 1864 1026 1955 1066; x_wconf 90' lang='lat' dir='ltr'>pro-</span> 
     </span>
    </p>
   </div>
   <div class='ocr_carea' id='block_1_6' title="bbox 419 1067 2020 1122">
    <p class='ocr_par' dir='ltr' id='par_1_6' title="bbox 419 1067 2020 1122">
     <span class='ocr_line' id='line_1_14' title="bbox 419 1067 2020 1122; baseline 0.001 -14"><span class='ocrx_word' id='word_1_106' title='bbox 419 1067 553 1117; x_wconf 89' lang='lat' dir='ltr'>videri,</span> <span class='ocrx_word' id='word_1_107' title='bbox 584 1069 639 1116; x_wconf 92' lang='lat' dir='ltr'>ut,</span> <span class='ocrx_word' id='word_1_108' title='bbox 673 1067 770 1108; x_wconf 91' lang='lat' dir='ltr'>dum</span> <span class='ocrx_word' id='word_1_109' title='bbox 799 1067 840 1107; x_wconf 86' lang='lat' dir='ltr'>in</span> <span class='ocrx_word' id='word_1_110' title='bbox 871 1067 1062 1108; x_wconf 86' lang='lat' dir='ltr'>subiectis</span> <span class='ocrx_word' id='word_1_111' title='bbox 1093 1067 1376 1109; x_wconf 85' lang='lat' dir='ltr'>dominationis</span> <span class='ocrx_word' id='word_1_112' title='bbox 1406 1068 1555 1109; x_wconf 88' lang='lat' dir='ltr'>virtute</span> <span class='ocrx_word' id='word_1_113' title='bbox 1583 1068 1793 1121; x_wconf 89' lang='lat' dir='ltr'>pollemus,</span> <span class='ocrx_word' id='word_1_114' title='bbox 1820 1081 1956 1122; x_wconf 88' lang='lat' dir='ltr'>repro-</span> <span class='ocrx_word' id='word_1_115' title='bbox 2018 1084 2020 1086; x_wconf 94' lang='lat'>·</span> 
     </span>
    </p>
   </div>
   <div class='ocr_carea' id='block_1_7' title="bbox 419 1123 1961 2185">
    <p class='ocr_par' dir='ltr' id='par_1_7' title="bbox 419 1123 1957 1668">
     <span class='ocr_line' id='line_1_15' title="bbox 420 1123 1955 1176; baseline 0.001 -11"><span class='ocrx_word' id='word_1_116' title='bbox 420 1125 489 1165; x_wconf 88' lang='lat' dir='ltr'>bos</span> <span class='ocrx_word' id='word_1_117' title='bbox 520 1123 720 1176; x_wconf 89' lang='lat' dir='ltr'>quoslibet</span> <span class='ocrx_word' id='word_1_118' title='bbox 749 1135 795 1164; x_wconf 90' lang='lat' dir='ltr'>ac</span> <span class='ocrx_word' id='word_1_119' title='bbox 821 1123 1038 1164; x_wconf 90' lang='lat' dir='ltr'>scelerosos</span> <span class='ocrx_word' id='word_1_120' title='bbox 1061 1135 1084 1163; x_wconf 87' lang='lat' dir='ltr'>a</span> <span class='ocrx_word' id='word_1_121' title='bbox 1104 1123 1359 1164; x_wconf 90' lang='lat' dir='ltr'>subditorum</span> <span class='ocrx_word' id='word_1_122' title='bbox 1378 1124 1535 1165; x_wconf 88' lang='lat' dir='ltr'>iniuriis</span> <span class='ocrx_word' id='word_1_123' title='bbox 1557 1124 1773 1176; x_wconf 87' lang='lat' dir='ltr'>aequitatis</span> <span class='ocrx_word' id='word_1_124' title='bbox 1793 1128 1955 1166; x_wconf 89' lang='lat' dir='ltr'>nostrae</span> 
     </span>
     <span class='ocr_line' id='line_1_16' title="bbox 419 1179 1956 1234; baseline 0.001 -14"><span class='ocrx_word' id='word_1_125' title='bbox 419 1180 661 1220; x_wconf 89' lang='lat' dir='ltr'>correctione</span> <span class='ocrx_word' id='word_1_126' title='bbox 691 1191 1005 1232; x_wconf 86' lang='lat' dir='ltr'>compescamus.</span> <span class='ocrx_word' id='word_1_127' title='bbox 1064 1179 1374 1220; x_wconf 87' lang='lat' dir='ltr'>Considerantes</span> <span class='ocrx_word' id='word_1_128' title='bbox 1419 1180 1586 1234; x_wconf 88' lang='lat' dir='ltr'>quippe,</span> <span class='ocrx_word' id='word_1_129' title='bbox 1631 1192 1734 1233; x_wconf 90' lang='lat' dir='ltr'>quae</span> <span class='ocrx_word' id='word_1_130' title='bbox 1779 1180 1956 1234; x_wconf 89' lang='lat' dir='ltr'>dampna</span> 
     </span>
     <span class='ocr_line' id='line_1_17' title="bbox 420 1235 1956 1289; baseline 0.001 -13"><span class='ocrx_word' id='word_1_131' title='bbox 420 1239 676 1288; x_wconf 85' lang='lat' dir='ltr'>quantaeque</span> <span class='ocrx_word' id='word_1_132' title='bbox 694 1235 962 1276; x_wconf 88' lang='lat' dir='ltr'>desolationes</span> <span class='ocrx_word' id='word_1_133' title='bbox 986 1235 1196 1276; x_wconf 87' lang='lat' dir='ltr'>hominum</span> <span class='ocrx_word' id='word_1_134' title='bbox 1219 1237 1260 1276; x_wconf 91' lang='lat' dir='ltr'>et</span> <span class='ocrx_word' id='word_1_135' title='bbox 1279 1236 1572 1288; x_wconf 88' lang='lat' dir='ltr'>provintiarum</span> <span class='ocrx_word' id='word_1_136' title='bbox 1591 1248 1663 1289; x_wconf 89' lang='lat' dir='ltr'>per</span> <span class='ocrx_word' id='word_1_137' title='bbox 1680 1236 1894 1278; x_wconf 87' lang='lat' dir='ltr'>seditiones</span> <span class='ocrx_word' id='word_1_138' title='bbox 1915 1238 1956 1278; x_wconf 88' lang='lat' dir='ltr'>et</span> 
     </span>
     <span class='ocr_line' id='line_1_18' title="bbox 419 1291 1955 1345; baseline 0 -13"><span class='ocrx_word' id='word_1_139' title='bbox 419 1291 604 1332; x_wconf 88' lang='lat' dir='ltr'>incendia</span> <span class='ocrx_word' id='word_1_140' title='bbox 640 1291 898 1344; x_wconf 88' lang='lat' dir='ltr'>provenerint</span> <span class='ocrx_word' id='word_1_141' title='bbox 938 1293 979 1332; x_wconf 92' lang='lat' dir='ltr'>et</span> <span class='ocrx_word' id='word_1_142' title='bbox 1017 1293 1190 1343; x_wconf 88' lang='lat' dir='ltr'>quantos</span> <span class='ocrx_word' id='word_1_143' title='bbox 1228 1293 1437 1345; x_wconf 89' lang='lat' dir='ltr'>praeterea</span> <span class='ocrx_word' id='word_1_144' title='bbox 1447 1293 1475 1324; x_wconf 77' lang='lat' dir='ltr'>b&gt;</span> <span class='ocrx_word' id='word_1_145' title='bbox 1515 1292 1746 1333; x_wconf 85' lang='lat' dir='ltr'>futurorum</span> <span class='ocrx_word' id='word_1_146' title='bbox 1790 1292 1955 1334; x_wconf 89' lang='lat' dir='ltr'>timores</span> 
     </span>
     <span class='ocr_line' id='line_1_19' title="bbox 420 1347 1957 1402; baseline 0.001 -14"><span class='ocrx_word' id='word_1_147' title='bbox 420 1350 634 1401; x_wconf 87' lang='lat' dir='ltr'>reportent,</span> <span class='ocrx_word' id='word_1_148' title='bbox 667 1360 723 1396; x_wconf 88' lang='lat' dir='ltr'>ea,</span> <span class='ocrx_word' id='word_1_149' title='bbox 755 1359 858 1399; x_wconf 91' lang='lat' dir='ltr'>quae</span> <span class='ocrx_word' id='word_1_150' title='bbox 889 1347 937 1388; x_wconf 92' lang='lat' dir='ltr'>de</span> <span class='ocrx_word' id='word_1_151' title='bbox 969 1347 1194 1388; x_wconf 83' lang='lat' dir='ltr'>coniventia</span> <span class='ocrx_word' id='word_1_152' title='bbox 1205 1350 1229 1379; x_wconf 55' lang='grc' dir='ltr'>θ)</span> <span class='ocrx_word' id='word_1_153' title='bbox 1269 1349 1309 1388; x_wconf 92' lang='lat' dir='ltr'>et</span> <span class='ocrx_word' id='word_1_154' title='bbox 1339 1347 1501 1388; x_wconf 88' lang='lat' dir='ltr'>consilio</span> <span class='ocrx_word' id='word_1_155' title='bbox 1530 1348 1759 1402; x_wconf 90' lang='lat' dir='ltr'>principum</span> <span class='ocrx_word' id='word_1_156' title='bbox 1787 1350 1828 1389; x_wconf 88' lang='lat' dir='ltr'>ct</span> <span class='ocrx_word' id='word_1_157' title='bbox 1858 1347 1957 1389; x_wconf 90' lang='lat' dir='ltr'>alio-</span> 
     </span>
     <span class='ocr_line' id='line_1_20' title="bbox 419 1403 1955 1456; baseline 0.001 -12"><span class='ocrx_word' id='word_1_158' title='bbox 419 1417 512 1444; x_wconf 88' lang='lat' dir='ltr'>rum</span> <span class='ocrx_word' id='word_1_159' title='bbox 541 1403 721 1444; x_wconf 89' lang='lat' dir='ltr'>fidelium</span> <span class='ocrx_word' id='word_1_160' title='bbox 751 1405 994 1452; x_wconf 90' lang='lat' dir='ltr'>nostrorum,</span> <span class='ocrx_word' id='word_1_161' title='bbox 1023 1406 1109 1444; x_wconf 92' lang='lat' dir='ltr'>tam</span> <span class='ocrx_word' id='word_1_162' title='bbox 1138 1403 1356 1445; x_wconf 88' lang='lat' dir='ltr'>liberorum</span> <span class='ocrx_word' id='word_1_163' title='bbox 1387 1416 1510 1456; x_wconf 90' lang='lat' dir='ltr'>quam</span> <span class='ocrx_word' id='word_1_164' title='bbox 1540 1404 1876 1453; x_wconf 88' lang='lat' dir='ltr'>ministerialium,</span> <span class='ocrx_word' id='word_1_165' title='bbox 1906 1403 1955 1445; x_wconf 86' lang='lat' dir='ltr'>ad</span> 
     </span>
     <span class='ocr_line' id='line_1_21' title="bbox 420 1459 1954 1513; baseline 0 -13"><span class='ocrx_word' id='word_1_166' title='bbox 420 1459 696 1513; x_wconf 89' lang='lat' dir='ltr'>reprimendas</span> <span class='ocrx_word' id='word_1_167' title='bbox 740 1459 1079 1500; x_wconf 88' lang='lat' dir='ltr'>incendiariorum</span> <span class='ocrx_word' id='word_1_168' title='bbox 1121 1459 1357 1501; x_wconf 89' lang='lat' dir='ltr'>insolentias</span> <span class='ocrx_word' id='word_1_169' title='bbox 1396 1460 1615 1513; x_wconf 86' lang='lat' dir='ltr'>imperialis</span> <span class='ocrx_word' id='word_1_170' title='bbox 1652 1463 1793 1501; x_wconf 88' lang='lat' dir='ltr'>nostra</span> <span class='ocrx_word' id='word_1_171' title='bbox 1822 1461 1954 1502; x_wconf 84' lang='lat' dir='ltr'>sanxit</span> 
     </span>
     <span class='ocr_line' id='line_1_22' title="bbox 421 1515 1957 1568; baseline 0 -12"><span class='ocrx_word' id='word_1_172' title='bbox 421 1516 662 1564; x_wconf 85' lang='lat' dir='ltr'>auctoritas,</span> <span class='ocrx_word' id='word_1_173' title='bbox 711 1515 908 1556; x_wconf 88' lang='lat' dir='ltr'>universis</span> <span class='ocrx_word' id='word_1_174' title='bbox 950 1515 1111 1568; x_wconf 91' lang='lat' dir='ltr'>imperii</span> <span class='ocrx_word' id='word_1_175' title='bbox 1146 1515 1332 1556; x_wconf 90' lang='lat' dir='ltr'>fidelibus</span> <span class='ocrx_word' id='word_1_176' title='bbox 1369 1517 1466 1556; x_wconf 89' lang='lat' dir='ltr'>nota</span> <span class='ocrx_word' id='word_1_177' title='bbox 1477 1517 1504 1544; x_wconf 63' lang='lat'>‘¹‘</span> <span class='ocrx_word' id='word_1_178' title='bbox 1551 1516 1638 1556; x_wconf 86' lang='lat' dir='ltr'>fieri</span> <span class='ocrx_word' id='word_1_179' title='bbox 1675 1516 1862 1557; x_wconf 90' lang='lat' dir='ltr'>volumus</span> <span class='ocrx_word' id='word_1_180' title='bbox 1906 1517 1957 1564; x_wconf 88' lang='lat' dir='ltr'>et,</span> 
     </span>
     <span class='ocr_line' id='line_1_23' title="bbox 421 1571 1957 1622; baseline 0.001 -10"><span class='ocrx_word' id='word_1_181' title='bbox 421 1572 526 1612; x_wconf 89' lang='lat' dir='ltr'>sicut</span> <span class='ocrx_word' id='word_1_182' title='bbox 564 1572 605 1612; x_wconf 92' lang='lat' dir='ltr'>in</span> <span class='ocrx_word' id='word_1_183' title='bbox 646 1573 777 1612; x_wconf 88' lang='lat' dir='ltr'>castro</span> <span class='ocrx_word' id='word_1_184' title='bbox 816 1573 954 1612; x_wconf 88' lang='lat' dir='ltr'>nostro</span> <span class='ocrx_word' id='word_1_185' title='bbox 992 1571 1244 1612; x_wconf 88' lang='lat' dir='ltr'>Nuorinberc</span> <span class='ocrx_word' id='word_1_186' title='bbox 1283 1571 1467 1612; x_wconf 85' lang='lat' dir='ltr'>ordinata</span> <span class='ocrx_word' id='word_1_187' title='bbox 1507 1573 1547 1612; x_wconf 88' lang='lat' dir='ltr'>et</span> <span class='ocrx_word' id='word_1_188' title='bbox 1584 1571 1821 1613; x_wconf 89' lang='lat' dir='ltr'>confirmata</span> <span class='ocrx_word' id='word_1_189' title='bbox 1849 1574 1957 1622; x_wconf 88' lang='lat' dir='ltr'>sunt,</span> 
     </span>
     <span class='ocr_line' id='line_1_24' title="bbox 420 1627 1124 1668; baseline 0 0"><span class='ocrx_word' id='word_1_190' title='bbox 420 1628 591 1668; x_wconf 89' lang='lat' dir='ltr'>firmiter</span> <span class='ocrx_word' id='word_1_191' title='bbox 619 1627 834 1668; x_wconf 87' lang='lat' dir='ltr'>indicimus</span> <span class='ocrx_word' id='word_1_192' title='bbox 864 1627 1124 1668; x_wconf 87' lang='lat' dir='ltr'>observanda.</span> 
     </span>
    </p>

    <p class='ocr_par' dir='ltr' id='par_1_8' title="bbox 420 1683 1960 1961">
     <span class='ocr_line' id='line_1_25' title="bbox 537 1683 1958 1736; baseline 0 -12"><span class='ocrx_word' id='word_1_193' title='bbox 537 1686 570 1724; x_wconf 90' lang='lat'>1.</span> <span class='ocrx_word' id='word_1_194' title='bbox 599 1683 785 1724; x_wconf 90' lang='lat' dir='ltr'>Primum</span> <span class='ocrx_word' id='word_1_195' title='bbox 820 1683 946 1736; x_wconf 88' lang='lat' dir='ltr'>igitur</span> <span class='ocrx_word' id='word_1_196' title='bbox 982 1683 1031 1724; x_wconf 90' lang='lat' dir='ltr'>de</span> <span class='ocrx_word' id='word_1_197' title='bbox 1070 1683 1326 1724; x_wconf 89' lang='lat' dir='ltr'>incendiariis</span> <span class='ocrx_word' id='word_1_198' title='bbox 1364 1683 1535 1724; x_wconf 86' lang='lat' dir='ltr'>dicimus</span> <span class='ocrx_word' id='word_1_199' title='bbox 1574 1683 1862 1736; x_wconf 78' lang='lat' dir='ltr'>generalite10›,</span> <span class='ocrx_word' id='word_1_200' title='bbox 1900 1686 1958 1731; x_wconf 93' lang='lat' dir='ltr'>ut,</span> 
     </span>
     <span class='ocr_line' id='line_1_26' title="bbox 421 1738 1960 1792; baseline 0 -12"><span class='ocrx_word' id='word_1_201' title='bbox 421 1741 454 1781; x_wconf 89' lang='lat' dir='ltr'>si</span> <span class='ocrx_word' id='word_1_202' title='bbox 483 1741 586 1781; x_wconf 88' lang='lat' dir='ltr'>liber</span> <span class='ocrx_word' id='word_1_203' title='bbox 615 1740 746 1788; x_wconf 90' lang='lat' dir='ltr'>homo,</span> <span class='ocrx_word' id='word_1_204' title='bbox 775 1739 987 1792; x_wconf 88' lang='lat' dir='ltr'>ingenuus,</span> <span class='ocrx_word' id='word_1_205' title='bbox 1018 1738 1304 1788; x_wconf 81' lang='lat' dir='ltr'>ministerialis,</span> <span class='ocrx_word' id='word_1_206' title='bbox 1334 1739 1398 1780; x_wconf 86' lang='lat' dir='ltr'>vel</span> <span class='ocrx_word' id='word_1_207' title='bbox 1427 1739 1703 1792; x_wconf 89' lang='lat' dir='ltr'>cuiuscunque</span> <span class='ocrx_word' id='word_1_208' title='bbox 1723 1739 1846 1780; x_wconf 85' lang='lat' dir='ltr'>fuerit</span> <span class='ocrx_word' id='word_1_209' title='bbox 1865 1751 1960 1780; x_wconf 89' lang='lat' dir='ltr'>con-</span> 
     </span>
     <span class='ocr_line' id='line_1_27' title="bbox 422 1795 1958 1849; baseline -0.001 -12"><span class='ocrx_word' id='word_1_210' title='bbox 422 1796 596 1845; x_wconf 89' lang='lat' dir='ltr'>ditionis,</span> <span class='ocrx_word' id='word_1_211' title='bbox 626 1795 859 1836; x_wconf 89' lang='lat' dir='ltr'>incendium</span> <span class='ocrx_word' id='word_1_212' title='bbox 890 1795 1137 1836; x_wconf 89' lang='lat' dir='ltr'>commiserit</span> <span class='ocrx_word' id='word_1_213' title='bbox 1165 1808 1236 1848; x_wconf 90' lang='lat' dir='ltr'>pro</span> <span class='ocrx_word' id='word_1_214' title='bbox 1267 1807 1392 1836; x_wconf 87' lang='lat' dir='ltr'>werra</span> <span class='ocrx_word' id='word_1_215' title='bbox 1420 1796 1591 1849; x_wconf 89' lang='lat' dir='ltr'>propria,</span> <span class='ocrx_word' id='word_1_216' title='bbox 1620 1808 1692 1849; x_wconf 90' lang='lat' dir='ltr'>pro</span> <span class='ocrx_word' id='word_1_217' title='bbox 1719 1795 1856 1844; x_wconf 89' lang='lat' dir='ltr'>amico,</span> <span class='ocrx_word' id='word_1_218' title='bbox 1885 1807 1958 1849; x_wconf 88' lang='lat' dir='ltr'>pro</span> 
     </span>
     <span class='ocr_line' id='line_1_28' title="bbox 422 1851 1960 1906; baseline -0.001 -13"><span class='ocrx_word' id='word_1_219' title='bbox 422 1854 588 1906; x_wconf 88' lang='lat' dir='ltr'>parente</span> <span class='ocrx_word' id='word_1_220' title='bbox 620 1852 683 1893; x_wconf 88' lang='lat' dir='ltr'>vel</span> <span class='ocrx_word' id='word_1_221' title='bbox 712 1864 857 1892; x_wconf 88' lang='lat' dir='ltr'>causae</span> <span class='ocrx_word' id='word_1_222' title='bbox 888 1853 1130 1904; x_wconf 87' lang='lat' dir='ltr'>cuiusquam</span> <span class='ocrx_word' id='word_1_223' title='bbox 1159 1851 1325 1893; x_wconf 88' lang='lat' dir='ltr'>alterius</span> <span class='ocrx_word' id='word_1_224' title='bbox 1355 1851 1570 1901; x_wconf 85' lang='lat' dir='ltr'>occasione,</span> <span class='ocrx_word' id='word_1_225' title='bbox 1610 1852 1659 1892; x_wconf 88' lang='lat' dir='ltr'>de</span> <span class='ocrx_word' id='word_1_226' title='bbox 1689 1851 1890 1892; x_wconf 87' lang='lat' dir='ltr'>sententia</span> <span class='ocrx_word' id='word_1_227' title='bbox 1919 1853 1960 1891; x_wconf 91' lang='lat' dir='ltr'>et</span> 
     </span>
     <span class='ocr_line' id='line_1_29' title="bbox 420 1907 1742 1961; baseline -0.001 -12"><span class='ocrx_word' id='word_1_228' title='bbox 420 1908 561 1949; x_wconf 88' lang='lat' dir='ltr'>iuditio</span> <span class='ocrx_word' id='word_1_229' title='bbox 591 1908 790 1961; x_wconf 88' lang='lat' dir='ltr'>imperiali</span> <span class='ocrx_word' id='word_1_230' title='bbox 818 1907 1097 1961; x_wconf 87' lang='lat' dir='ltr'>proscriptioni</span> <span class='ocrx_word' id='word_1_231' title='bbox 1129 1907 1268 1948; x_wconf 87' lang='lat' dir='ltr'>statim</span> <span class='ocrx_word' id='word_1_232' title='bbox 1298 1908 1496 1948; x_wconf 88' lang='lat' dir='ltr'>habeatur</span> <span class='ocrx_word' id='word_1_233' title='bbox 1525 1908 1742 1948; x_wconf 87' lang='lat' dir='ltr'>subiectus.</span> 
     </span>
    </p>

    <p class='ocr_par' dir='ltr' id='par_1_9' title="bbox 420 1962 1961 2185">
     <span class='ocr_line' id='line_1_30' title="bbox 535 1962 1960 2017; baseline 0 -13"><span class='ocrx_word' id='word_1_234' title='bbox 535 1965 572 2004; x_wconf 84' lang='lat'>2.</span> <span class='ocrx_word' id='word_1_235' title='bbox 601 1964 679 2004; x_wconf 90' lang='lat' dir='ltr'>Hic</span> <span class='ocrx_word' id='word_1_236' title='bbox 696 1964 960 2017; x_wconf 83' lang='lat' dir='ltr'>excipiuntur,</span> <span class='ocrx_word' id='word_1_237' title='bbox 991 1963 1023 2004; x_wconf 90' lang='lat' dir='ltr'>si</span> <span class='ocrx_word' id='word_1_238' title='bbox 1046 1963 1116 2016; x_wconf 91' lang='lat' dir='ltr'>qui</span> <span class='ocrx_word' id='word_1_239' title='bbox 1145 1963 1246 2004; x_wconf 88' lang='lat' dir='ltr'>forte</span> <span class='ocrx_word' id='word_1_240' title='bbox 1277 1963 1494 2004; x_wconf 84' lang='lat' dir='ltr'>manifesta</span> <span class='ocrx_word' id='word_1_241' title='bbox 1522 1976 1648 2004; x_wconf 83' lang='lat' dir='ltr'>werra</span> <span class='ocrx_word' id='word_1_242' title='bbox 1677 1965 1812 2005; x_wconf 90' lang='lat' dir='ltr'>castra</span> <span class='ocrx_word' id='word_1_243' title='bbox 1832 1962 1960 2004; x_wconf 83' lang='lat' dir='ltr'>mani-</span> 
     </span>
     <span class='ocr_line' id='line_1_31' title="bbox 422 2018 1961 2074; baseline -0.001 -14"><span class='ocrx_word' id='word_1_244' title='bbox 422 2020 523 2062; x_wconf 88' lang='lat' dir='ltr'>feste</span> <span class='ocrx_word' id='word_1_245' title='bbox 552 2021 728 2074; x_wconf 90' lang='lat' dir='ltr'>capiunt,</span> <span class='ocrx_word' id='word_1_246' title='bbox 769 2022 809 2060; x_wconf 90' lang='lat' dir='ltr'>et</span> <span class='ocrx_word' id='word_1_247' title='bbox 839 2020 873 2060; x_wconf 89' lang='lat' dir='ltr'>si</span> <span class='ocrx_word' id='word_1_248' title='bbox 904 2032 986 2071; x_wconf 88' lang='lat' dir='ltr'>qua</span> <span class='ocrx_word' id='word_1_249' title='bbox 1015 2020 1068 2060; x_wconf 90' lang='lat' dir='ltr'>ibi</span> <span class='ocrx_word' id='word_1_250' title='bbox 1098 2020 1291 2060; x_wconf 86' lang='lat' dir='ltr'>suburbia</span> <span class='ocrx_word' id='word_1_251' title='bbox 1332 2021 1403 2060; x_wconf 89' lang='lat' dir='ltr'>aut</span> <span class='ocrx_word' id='word_1_252' title='bbox 1441 2020 1601 2060; x_wconf 90' lang='lat' dir='ltr'>stabula</span> <span class='ocrx_word' id='word_1_253' title='bbox 1639 2020 1766 2061; x_wconf 89' lang='lat' dir='ltr'>aliave</span> <span class='ocrx_word' id='word_1_254' title='bbox 1795 2018 1961 2071; x_wconf 86' lang='lat' dir='ltr'>tuguria</span> 
     </span>
     <span class='ocr_line' id='line_1_32' title="bbox 420 2074 1961 2129; baseline -0.001 -12"><span class='ocrx_word' id='word_1_255' title='bbox 420 2077 659 2129; x_wconf 89' lang='lat' dir='ltr'>praeiacent‚</span> <span class='ocrx_word' id='word_1_256' title='bbox 680 2076 773 2128; x_wconf 84' lang='lat' dir='ltr'>igne</span> <span class='ocrx_word' id='word_1_257' title='bbox 795 2076 1056 2116; x_wconf 86' lang='lat' dir='ltr'>succendunt.</span> <span class='ocrx_word' id='word_1_258' title='bbox 1072 2078 1093 2107; x_wconf 70' lang='lat' dir='ltr'>r)</span> <span class='ocrx_word' id='word_1_259' title='bbox 1123 2075 1388 2129; x_wconf 84' lang='lat' dir='ltr'>Excipiuntur</span> <span class='ocrx_word' id='word_1_260' title='bbox 1409 2077 1450 2115; x_wconf 88' lang='lat' dir='ltr'>et</span> <span class='ocrx_word' id='word_1_261' title='bbox 1468 2075 1630 2125; x_wconf 88' lang='lat' dir='ltr'>iudices,</span> <span class='ocrx_word' id='word_1_262' title='bbox 1652 2087 1753 2128; x_wconf 89' lang='lat' dir='ltr'>quos</span> <span class='ocrx_word' id='word_1_263' title='bbox 1772 2074 1814 2115; x_wconf 89' lang='lat' dir='ltr'>in</span> <span class='ocrx_word' id='word_1_264' title='bbox 1833 2074 1961 2116; x_wconf 88' lang='lat' dir='ltr'>male-</span> 
     </span>
     <span class='ocr_line' id='line_1_33' title="bbox 422 2130 1961 2185; baseline -0.001 -12"><span class='ocrx_word' id='word_1_265' title='bbox 422 2132 592 2174; x_wconf 86' lang='lat' dir='ltr'>factores</span> <span class='ocrx_word' id='word_1_266' title='bbox 622 2131 796 2172; x_wconf 90' lang='lat' dir='ltr'>incendii</span> <span class='ocrx_word' id='word_1_267' title='bbox 825 2144 989 2185; x_wconf 87' lang='lat' dir='ltr'>penam,</span> <span class='ocrx_word' id='word_1_268' title='bbox 1035 2131 1192 2172; x_wconf 86' lang='lat' dir='ltr'>iustitia</span> <span class='ocrx_word' id='word_1_269' title='bbox 1220 2131 1502 2184; x_wconf 85' lang='lat' dir='ltr'>permittente,</span> <span class='ocrx_word' id='word_1_270' title='bbox 1543 2143 1723 2172; x_wconf 87' lang='lat' dir='ltr'>exercere</span> <span class='ocrx_word' id='word_1_271' title='bbox 1753 2130 1961 2183; x_wconf 84' lang='lat' dir='ltr'>contingit.</span> 
     </span>
    </p>
   </div>
   <div class='ocr_carea' id='block_1_8' title="bbox 445 2202 695 2206">
    <p class='ocr_par' dir='ltr' id='par_1_10' title="bbox 445 2202 695 2206">
     <span class='ocr_line' id='line_1_34' title="bbox 445 2202 695 2206; baseline 0 0"><span class='ocrx_word' id='word_1_272' title='bbox 445 2202 695 2206; x_wconf 95' lang='lat' dir='ltr'> </span> 
     </span>
    </p>
   </div>
   <div class='ocr_carea' id='block_1_9' title="bbox 422 2214 1962 2907">
    <p class='ocr_par' dir='ltr' id='par_1_11' title="bbox 422 2214 1962 2451">
     <span class='ocr_line' id='line_1_35' title="bbox 541 2214 1960 2266; baseline -0.001 -11"><span class='ocrx_word' id='word_1_273' title='bbox 541 2222 574 2266; x_wconf 89' lang='lat' dir='ltr'>a)</span> <span class='ocrx_word' id='word_1_274' title='bbox 600 2221 643 2256; x_wconf 90' lang='lat' dir='ltr'>So</span> <span class='ocrx_word' id='word_1_275' title='bbox 669 2221 858 2256; x_wconf 88' lang='lat' dir='ltr'>emendiert</span> <span class='ocrx_word' id='word_1_276' title='bbox 880 2222 991 2256; x_wconf 86' lang='lat' dir='ltr'>Pertz.</span> <span class='ocrx_word' id='word_1_277' title='bbox 1032 2221 1219 2255; x_wconf 74' lang='lat' dir='ltr'>Samtliehe</span> <span class='ocrx_word' id='word_1_278' title='bbox 1244 2225 1264 2254; x_wconf 90' lang='lat'><strong>3</strong></span> <span class='ocrx_word' id='word_1_279' title='bbox 1282 2214 1602 2265; x_wconf 84' lang='lat' dir='ltr'>Uberlieferungen:</span> <span class='ocrx_word' id='word_1_280' title='bbox 1627 2220 1800 2256; x_wconf 86' lang='lat' dir='ltr'>fidelitati.</span> <span class='ocrx_word' id='word_1_281' title='bbox 1854 2220 1891 2263; x_wconf 88' lang='lat' dir='ltr'>b)</span> <span class='ocrx_word' id='word_1_282' title='bbox 1916 2219 1960 2253; x_wconf 87' lang='lat' dir='ltr'>So</span> 
     </span>
     <span class='ocr_line' id='line_1_36' title="bbox 422 2267 1960 2313; baseline -0.001 -11"><span class='ocrx_word' id='word_1_283' title='bbox 422 2268 454 2302; x_wconf 89' lang='lat' dir='ltr'>U</span> <span class='ocrx_word' id='word_1_284' title='bbox 478 2279 511 2303; x_wconf 91' lang='lat' dir='ltr'>u.</span> <span class='ocrx_word' id='word_1_285' title='bbox 538 2268 585 2310; x_wconf 83' lang='lat' dir='ltr'>V3</span> <span class='ocrx_word' id='word_1_286' title='bbox 611 2268 664 2302; x_wconf 91' lang='lat' dir='ltr'>M:</span> <span class='ocrx_word' id='word_1_287' title='bbox 691 2269 886 2313; x_wconf 61' lang='lat' dir='ltr'>praeterita,</span> <span class='ocrx_word' id='word_1_288' title='bbox 926 2269 957 2310; x_wconf 89' lang='lat' dir='ltr'>c)</span> <span class='ocrx_word' id='word_1_289' title='bbox 983 2268 1037 2302; x_wconf 79' lang='lat' dir='ltr'>M:</span> <span class='ocrx_word' id='word_1_290' title='bbox 1063 2267 1319 2310; x_wconf 86' lang='lat' dir='ltr'>conueniencia;</span> <span class='ocrx_word' id='word_1_291' title='bbox 1345 2267 1396 2301; x_wconf 90' lang='lat' dir='ltr'>U:</span> <span class='ocrx_word' id='word_1_292' title='bbox 1422 2267 1639 2302; x_wconf 85' lang='lat' dir='ltr'>conscientia.</span> <span class='ocrx_word' id='word_1_293' title='bbox 1689 2267 1724 2311; x_wconf 91' lang='lat' dir='ltr'>d)</span> <span class='ocrx_word' id='word_1_294' title='bbox 1750 2267 1805 2301; x_wconf 84' lang='lat' dir='ltr'>M:</span> <span class='ocrx_word' id='word_1_295' title='bbox 1832 2267 1960 2301; x_wconf 87' lang='lat' dir='ltr'>notum.</span> 
     </span>
     <span class='ocr_line' id='line_1_37' title="bbox 423 2311 1962 2359; baseline -0.001 -11"><span class='ocrx_word' id='word_1_296' title='bbox 423 2315 454 2359; x_wconf 92' lang='lat' dir='ltr'>e)</span> <span class='ocrx_word' id='word_1_297' title='bbox 493 2314 537 2348; x_wconf 87' lang='lat' dir='ltr'>So</span> <span class='ocrx_word' id='word_1_298' title='bbox 562 2314 608 2356; x_wconf 84' lang='lat' dir='ltr'>V3</span> <span class='ocrx_word' id='word_1_299' title='bbox 648 2314 679 2348; x_wconf 90' lang='lat' dir='ltr'>U</span> <span class='ocrx_word' id='word_1_300' title='bbox 705 2315 795 2348; x_wconf 89' lang='lat' dir='ltr'>statt</span> <span class='ocrx_word' id='word_1_301' title='bbox 820 2313 975 2355; x_wconf 89' lang='lat' dir='ltr'>dicimus,</span> <span class='ocrx_word' id='word_1_302' title='bbox 1013 2313 1268 2347; x_wconf 87' lang='lat' dir='ltr'>demandamus.</span> <span class='ocrx_word' id='word_1_303' title='bbox 1318 2313 1372 2347; x_wconf 89' lang='lat' dir='ltr'>M:</span> <span class='ocrx_word' id='word_1_304' title='bbox 1410 2313 1560 2347; x_wconf 88' lang='lat' dir='ltr'>Primum</span> <span class='ocrx_word' id='word_1_305' title='bbox 1595 2314 1642 2347; x_wconf 89' lang='lat' dir='ltr'>sit</span> <span class='ocrx_word' id='word_1_306' title='bbox 1675 2313 1717 2347; x_wconf 90' lang='lat' dir='ltr'>de</span> <span class='ocrx_word' id='word_1_307' title='bbox 1741 2311 1962 2347; x_wconf 86' lang='lat' dir='ltr'>incendiariis</span> 
     </span>
     <span class='ocr_line' id='line_1_38' title="bbox 425 2358 1960 2404; baseline -0.001 -10"><span class='ocrx_word' id='word_1_308' title='bbox 425 2360 571 2394; x_wconf 86' lang='lat' dir='ltr'>dominis</span> <span class='ocrx_word' id='word_1_309' title='bbox 594 2360 762 2404; x_wconf 83' lang='lat' dir='ltr'>generale.</span> <span class='ocrx_word' id='word_1_310' title='bbox 810 2360 838 2404; x_wconf 92' lang='lat' dir='ltr'>f)</span> <span class='ocrx_word' id='word_1_311' title='bbox 875 2359 918 2393; x_wconf 87' lang='lat' dir='ltr'>So</span> <span class='ocrx_word' id='word_1_312' title='bbox 942 2359 974 2392; x_wconf 92' lang='lat' dir='ltr'>U</span> <span class='ocrx_word' id='word_1_313' title='bbox 1000 2371 1031 2394; x_wconf 89' lang='lat' dir='ltr'>u.</span> <span class='ocrx_word' id='word_1_314' title='bbox 1057 2359 1105 2401; x_wconf 90' lang='lat' dir='ltr'>V;</span> <span class='ocrx_word' id='word_1_315' title='bbox 1142 2359 1197 2393; x_wconf 92' lang='lat' dir='ltr'>M:</span> <span class='ocrx_word' id='word_1_316' title='bbox 1223 2359 1253 2393; x_wconf 87' lang='lat' dir='ltr'>si</span> <span class='ocrx_word' id='word_1_317' title='bbox 1279 2359 1355 2403; x_wconf 89' lang='lat' dir='ltr'>quis</span> <span class='ocrx_word' id='word_1_318' title='bbox 1380 2360 1402 2393; x_wconf 89' lang='lat' dir='ltr'>f.</span> <span class='ocrx_word' id='word_1_319' title='bbox 1429 2370 1472 2394; x_wconf 88' lang='lat' dir='ltr'>m.</span> <span class='ocrx_word' id='word_1_320' title='bbox 1498 2371 1538 2394; x_wconf 92' lang='lat' dir='ltr'>w.</span> <span class='ocrx_word' id='word_1_321' title='bbox 1570 2361 1722 2393; x_wconf 86' lang='lat' dir='ltr'>castrum</span> <span class='ocrx_word' id='word_1_322' title='bbox 1755 2358 1849 2403; x_wconf 84' lang='lat' dir='ltr'>capit</span> <span class='ocrx_word' id='word_1_323' title='bbox 1872 2359 1908 2392; x_wconf 92' lang='lat' dir='ltr'>et</span> <span class='ocrx_word' id='word_1_324' title='bbox 1931 2358 1960 2392; x_wconf 88' lang='lat' dir='ltr'>si</span> 
     </span>
     <span class='ocr_line' id='line_1_39' title="bbox 424 2405 1339 2451; baseline -0.001 -11"><span class='ocrx_word' id='word_1_325' title='bbox 424 2407 500 2451; x_wconf 85' lang='lat' dir='ltr'>quis</span> <span class='ocrx_word' id='word_1_326' title='bbox 525 2406 547 2441; x_wconf 91' lang='lat' dir='ltr'>i.</span> <span class='ocrx_word' id='word_1_327' title='bbox 574 2417 600 2441; x_wconf 90' lang='lat' dir='ltr'>s.</span> <span class='ocrx_word' id='word_1_328' title='bbox 625 2418 655 2441; x_wconf 88' lang='lat' dir='ltr'>a.</span> <span class='ocrx_word' id='word_1_329' title='bbox 682 2417 709 2440; x_wconf 88' lang='lat' dir='ltr'>s.</span> <span class='ocrx_word' id='word_1_330' title='bbox 735 2417 765 2440; x_wconf 84' lang='lat' dir='ltr'>a.</span> <span class='ocrx_word' id='word_1_331' title='bbox 791 2407 817 2440; x_wconf 90' lang='lat' dir='ltr'>t.</span> <span class='ocrx_word' id='word_1_332' title='bbox 842 2405 1073 2450; x_wconf 86' lang='lat' dir='ltr'>praeiacentia</span> <span class='ocrx_word' id='word_1_333' title='bbox 1097 2406 1118 2440; x_wconf 92' lang='lat' dir='ltr'>i.</span> <span class='ocrx_word' id='word_1_334' title='bbox 1145 2405 1339 2439; x_wconf 88' lang='lat' dir='ltr'>succendat.</span> 
     </span>
    </p>

    <p class='ocr_par' dir='ltr' id='par_1_12' title="bbox 425 2449 1962 2907">
     <span class='ocr_line' id='line_1_40' title="bbox 518 2449 1958 2495; baseline -0.001 -9"><span class='ocrx_word' id='word_1_335' title='bbox 518 2452 548 2495; x_wconf 86' lang='grc'>*)</span> <span class='ocrx_word' id='word_1_336' title='bbox 575 2452 639 2486; x_wconf 90' lang='lat' dir='ltr'>Die</span> <span class='ocrx_word' id='word_1_337' title='bbox 663 2451 828 2486; x_wconf 87' lang='lat' dir='ltr'>Urkunde</span> <span class='ocrx_word' id='word_1_338' title='bbox 860 2452 908 2485; x_wconf 88' lang='lat' dir='ltr'>ist</span> <span class='ocrx_word' id='word_1_339' title='bbox 940 2451 1138 2486; x_wconf 84' lang='lat' dir='ltr'>iiberliefert</span> <span class='ocrx_word' id='word_1_340' title='bbox 1168 2455 1196 2485; x_wconf 91' lang='lat'>1.</span> <span class='ocrx_word' id='word_1_341' title='bbox 1230 2451 1277 2485; x_wconf 90' lang='lat' dir='ltr'>im</span> <span class='ocrx_word' id='word_1_342' title='bbox 1302 2451 1403 2484; x_wconf 87' lang='lat' dir='ltr'>Liber</span> <span class='ocrx_word' id='word_1_343' title='bbox 1427 2451 1652 2485; x_wconf 86' lang='lat' dir='ltr'>traditionum</span> <span class='ocrx_word' id='word_1_344' title='bbox 1677 2461 1822 2494; x_wconf 87' lang='lat' dir='ltr'>magnus</span> <span class='ocrx_word' id='word_1_345' title='bbox 1848 2449 1958 2484; x_wconf 88' lang='lat' dir='ltr'>Chon-</span> 
     </span>
     <span class='ocr_line' id='line_1_41' title="bbox 426 2495 1962 2542; baseline -0.001 -10"><span class='ocrx_word' id='word_1_346' title='bbox 426 2499 499 2532; x_wconf 91' lang='lat' dir='ltr'>radi</span> <span class='ocrx_word' id='word_1_347' title='bbox 522 2498 753 2542; x_wconf 85' lang='lat' dir='ltr'>Frisingensis</span> <span class='ocrx_word' id='word_1_348' title='bbox 778 2509 864 2532; x_wconf 87' lang='lat' dir='ltr'>saec.</span> <span class='ocrx_word' id='word_1_349' title='bbox 890 2497 970 2539; x_wconf 90' lang='lat' dir='ltr'>XII,</span> <span class='ocrx_word' id='word_1_350' title='bbox 1005 2497 1131 2531; x_wconf 87' lang='lat' dir='ltr'>daraus</span> <span class='ocrx_word' id='word_1_351' title='bbox 1163 2497 1332 2541; x_wconf 85' lang='lat' dir='ltr'>gedruckt</span> <span class='ocrx_word' id='word_1_352' title='bbox 1363 2497 1418 2530; x_wconf 90' lang='lat' dir='ltr'>bei</span> <span class='ocrx_word' id='word_1_353' title='bbox 1443 2497 1684 2540; x_wconf 86' lang='lat' dir='ltr'>Meichelbeck,</span> <span class='ocrx_word' id='word_1_354' title='bbox 1709 2496 1866 2530; x_wconf 88' lang='lat' dir='ltr'>Historia</span> <span class='ocrx_word' id='word_1_355' title='bbox 1889 2495 1962 2530; x_wconf 81' lang='lat' dir='ltr'>Fri-</span> 
     </span>
     <span class='ocr_line' id='line_1_42' title="bbox 425 2541 1960 2588; baseline -0.001 -10"><span class='ocrx_word' id='word_1_356' title='bbox 425 2545 594 2588; x_wconf 86' lang='lat' dir='ltr'>siugensis</span> <span class='ocrx_word' id='word_1_357' title='bbox 631 2545 680 2578; x_wconf 91' lang='lat' dir='ltr'>Ib</span> <span class='ocrx_word' id='word_1_358' title='bbox 719 2544 841 2588; x_wconf 88' lang='lat' dir='ltr'>(‚,Pars</span> <span class='ocrx_word' id='word_1_359' title='bbox 878 2543 1196 2587; x_wconf 87' lang='lat' dir='ltr'>instrumentaria“)</span> <span class='ocrx_word' id='word_1_360' title='bbox 1230 2554 1307 2588; x_wconf 84' lang='lat' dir='ltr'>pag.</span> <span class='ocrx_word' id='word_1_361' title='bbox 1342 2546 1406 2578; x_wconf 82' lang='lat'>567</span> <span class='ocrx_word' id='word_1_362' title='bbox 1441 2544 1498 2587; x_wconf 88' lang='lat'>(=</span> <span class='ocrx_word' id='word_1_363' title='bbox 1523 2543 1589 2586; x_wconf 90' lang='lat' dir='ltr'>M);</span> <span class='ocrx_word' id='word_1_364' title='bbox 1627 2545 1658 2578; x_wconf 81' lang='lat'>2.</span> <span class='ocrx_word' id='word_1_365' title='bbox 1691 2543 1738 2576; x_wconf 93' lang='lat' dir='ltr'>im</span> <span class='ocrx_word' id='word_1_366' title='bbox 1771 2541 1960 2577; x_wconf 87' lang='lat' dir='ltr'>Chronicon</span> 
     </span>
     <span class='ocr_line' id='line_1_43' title="bbox 426 2587 1962 2636; baseline -0.001 -12"><span class='ocrx_word' id='word_1_367' title='bbox 426 2590 656 2636; x_wconf 88' lang='lat' dir='ltr'>Urspergense</span> <span class='ocrx_word' id='word_1_368' title='bbox 693 2590 738 2624; x_wconf 91' lang='lat' dir='ltr'>ad</span> <span class='ocrx_word' id='word_1_369' title='bbox 774 2601 852 2624; x_wconf 90' lang='lat' dir='ltr'>ann.</span> <span class='ocrx_word' id='word_1_370' title='bbox 882 2592 968 2625; x_wconf 85' lang='lat'>1187</span> <span class='ocrx_word' id='word_1_371' title='bbox 1006 2593 1063 2632; x_wconf 89' lang='lat'>(=</span> <span class='ocrx_word' id='word_1_372' title='bbox 1088 2589 1150 2632; x_wconf 93' lang='lat' dir='ltr'>U);</span> <span class='ocrx_word' id='word_1_373' title='bbox 1188 2592 1220 2624; x_wconf 90' lang='lat'>3.</span> <span class='ocrx_word' id='word_1_374' title='bbox 1257 2589 1292 2623; x_wconf 88' lang='lat' dir='ltr'>in</span> <span class='ocrx_word' id='word_1_375' title='bbox 1317 2590 1427 2623; x_wconf 89' lang='lat' dir='ltr'>einem</span> <span class='ocrx_word' id='word_1_376' title='bbox 1452 2589 1563 2623; x_wconf 85' lang='lat' dir='ltr'>Codex</span> <span class='ocrx_word' id='word_1_377' title='bbox 1587 2589 1766 2623; x_wconf 86' lang='lat' dir='ltr'>Palatinus</span> <span class='ocrx_word' id='word_1_378' title='bbox 1792 2587 1962 2622; x_wconf 85' lang='lat' dir='ltr'>Vindobo-</span> 
     </span>
     <span class='ocr_line' id='line_1_44' title="bbox 425 2633 1960 2682; baseline -0.002 -11"><span class='ocrx_word' id='word_1_379' title='bbox 425 2637 539 2671; x_wconf 89' lang='lat' dir='ltr'>nensis</span> <span class='ocrx_word' id='word_1_380' title='bbox 564 2637 600 2671; x_wconf 91' lang='lat' dir='ltr'>in</span> <span class='ocrx_word' id='word_1_381' title='bbox 626 2636 790 2682; x_wconf 81' lang='lat' dir='ltr'>Catalogo</span> <span class='ocrx_word' id='word_1_382' title='bbox 814 2636 899 2670; x_wconf 89' lang='lat' dir='ltr'>iuris</span> <span class='ocrx_word' id='word_1_383' title='bbox 925 2636 1035 2669; x_wconf 90' lang='lat' dir='ltr'>civilis</span> <span class='ocrx_word' id='word_1_384' title='bbox 1059 2647 1109 2670; x_wconf 91' lang='lat' dir='ltr'>nr.</span> <span class='ocrx_word' id='word_1_385' title='bbox 1139 2638 1180 2670; x_wconf 89' lang='lat'>18</span> <span class='ocrx_word' id='word_1_386' title='bbox 1205 2635 1261 2670; x_wconf 89' lang='lat' dir='ltr'>fol.</span> <span class='ocrx_word' id='word_1_387' title='bbox 1291 2638 1354 2669; x_wconf 88' lang='grc'>196</span> <span class='ocrx_word' id='word_1_388' title='bbox 1381 2646 1466 2670; x_wconf 86' lang='lat' dir='ltr'>saec.</span> <span class='ocrx_word' id='word_1_389' title='bbox 1485 2635 1572 2668; x_wconf 92' lang='lat' dir='ltr'>XIII</span> <span class='ocrx_word' id='word_1_390' title='bbox 1597 2635 1656 2679; x_wconf 71' lang='lat' dir='ltr'>(z</span> <span class='ocrx_word' id='word_1_391' title='bbox 1672 2635 1727 2678; x_wconf 91' lang='lat' dir='ltr'>V).</span> <span class='ocrx_word' id='word_1_392' title='bbox 1776 2634 1836 2669; x_wconf 89' lang='lat' dir='ltr'>Ich</span> <span class='ocrx_word' id='word_1_393' title='bbox 1861 2633 1960 2675; x_wconf 86' lang='lat' dir='ltr'>habe,</span> 
     </span>
     <span class='ocr_line' id='line_1_45' title="bbox 427 2677 1960 2728; baseline -0.002 -11"><span class='ocrx_word' id='word_1_394' title='bbox 427 2684 487 2717; x_wconf 85' lang='lat' dir='ltr'>wie</span> <span class='ocrx_word' id='word_1_395' title='bbox 521 2683 639 2728; x_wconf 57' lang='lat' dir='ltr'>Perta,</span> <span class='ocrx_word' id='word_1_396' title='bbox 675 2677 936 2725; x_wconf 87' lang='lat' dir='ltr'>Uberlieferung</span> <span class='ocrx_word' id='word_1_397' title='bbox 974 2685 984 2715; x_wconf 94' lang='lat' dir='ltr'>l</span> <span class='ocrx_word' id='word_1_398' title='bbox 1023 2682 1168 2716; x_wconf 87' lang='lat' dir='ltr'>meinem</span> <span class='ocrx_word' id='word_1_399' title='bbox 1192 2681 1297 2715; x_wconf 82' lang='lat' dir='ltr'>Texte</span> <span class='ocrx_word' id='word_1_400' title='bbox 1333 2692 1372 2714; x_wconf 86' lang='lat' dir='ltr'>zu</span> <span class='ocrx_word' id='word_1_401' title='bbox 1406 2680 1546 2715; x_wconf 85' lang='lat' dir='ltr'>Grunde</span> <span class='ocrx_word' id='word_1_402' title='bbox 1579 2681 1711 2724; x_wconf 83' lang='lat' dir='ltr'>gelegt,</span> <span class='ocrx_word' id='word_1_403' title='bbox 1749 2681 1804 2715; x_wconf 88' lang='lat' dir='ltr'>die</span> <span class='ocrx_word' id='word_1_404' title='bbox 1838 2679 1960 2715; x_wconf 85' lang='lat' dir='ltr'>beiden</span> 
     </span>
     <span class='ocr_line' id='line_1_46' title="bbox 426 2723 1962 2774; baseline -0.001 -12"><span class='ocrx_word' id='word_1_405' title='bbox 426 2730 573 2763; x_wconf 80' lang='lat' dir='ltr'>anderen</span> <span class='ocrx_word' id='word_1_406' title='bbox 598 2723 899 2774; x_wconf 84' lang='lat' dir='ltr'>Uberlieferungen</span> <span class='ocrx_word' id='word_1_407' title='bbox 925 2739 984 2761; x_wconf 88' lang='lat' dir='ltr'>zur</span> <span class='ocrx_word' id='word_1_408' title='bbox 1008 2727 1260 2771; x_wconf 85' lang='lat' dir='ltr'>Vergleichung</span> <span class='ocrx_word' id='word_1_409' title='bbox 1285 2727 1550 2771; x_wconf 86' lang='lat' dir='ltr'>herangezogen,</span> <span class='ocrx_word' id='word_1_410' title='bbox 1585 2738 1641 2760; x_wconf 88' lang='lat' dir='ltr'>um</span> <span class='ocrx_word' id='word_1_411' title='bbox 1666 2729 1792 2760; x_wconf 75' lang='lat' dir='ltr'>erstere</span> <span class='ocrx_word' id='word_1_412' title='bbox 1826 2737 1866 2760; x_wconf 87' lang='lat' dir='ltr'>zu</span> <span class='ocrx_word' id='word_1_413' title='bbox 1891 2736 1962 2761; x_wconf 86' lang='lat' dir='ltr'>ver-</span> 
     </span>
     <span class='ocr_line' id='line_1_47' title="bbox 426 2769 1962 2816; baseline -0.002 -7"><span class='ocrx_word' id='word_1_414' title='bbox 426 2776 575 2810; x_wconf 88' lang='lat' dir='ltr'>bessern.</span> <span class='ocrx_word' id='word_1_415' title='bbox 670 2769 763 2808; x_wconf 89' lang='lat' dir='ltr'>Uber</span> <span class='ocrx_word' id='word_1_416' title='bbox 793 2774 847 2808; x_wconf 88' lang='lat' dir='ltr'>die</span> <span class='ocrx_word' id='word_1_417' title='bbox 872 2774 1036 2808; x_wconf 84' lang='lat' dir='ltr'>Urkunde</span> <span class='ocrx_word' id='word_1_418' title='bbox 1069 2774 1180 2807; x_wconf 88' lang='lat' dir='ltr'>haben</span> <span class='ocrx_word' id='word_1_419' title='bbox 1214 2773 1418 2816; x_wconf 87' lang='lat' dir='ltr'>gehandelt:</span> <span class='ocrx_word' id='word_1_420' title='bbox 1453 2772 1808 2815; x_wconf 86' lang='lat' dir='ltr'>Scheffer-Boichorst,</span> <span class='ocrx_word' id='word_1_421' title='bbox 1839 2771 1962 2806; x_wconf 85' lang='lat' dir='ltr'>Kaiser</span> 
     </span>
     <span class='ocr_line' id='line_1_48' title="bbox 426 2817 1959 2863; baseline -0.002 -8"><span class='ocrx_word' id='word_1_422' title='bbox 426 2821 620 2855; x_wconf 83' lang='lat' dir='ltr'>Friedrichs</span> <span class='ocrx_word' id='word_1_423' title='bbox 646 2821 672 2856; x_wconf 89' lang='lat' dir='ltr'>I.</span> <span class='ocrx_word' id='word_1_424' title='bbox 699 2821 820 2854; x_wconf 86' lang='lat' dir='ltr'>letzter</span> <span class='ocrx_word' id='word_1_425' title='bbox 845 2820 953 2854; x_wconf 87' lang='lat' dir='ltr'>Streit</span> <span class='ocrx_word' id='word_1_426' title='bbox 976 2820 1041 2854; x_wconf 89' lang='lat' dir='ltr'>mit</span> <span class='ocrx_word' id='word_1_427' title='bbox 1066 2820 1126 2854; x_wconf 86' lang='lat' dir='ltr'>der</span> <span class='ocrx_word' id='word_1_428' title='bbox 1149 2820 1254 2853; x_wconf 87' lang='lat' dir='ltr'>Kurie</span> <span class='ocrx_word' id='word_1_429' title='bbox 1279 2819 1312 2854; x_wconf 88' lang='lat' dir='ltr'>S.</span> <span class='ocrx_word' id='word_1_430' title='bbox 1331 2822 1409 2861; x_wconf 74' lang='lat'>240,</span> <span class='ocrx_word' id='word_1_431' title='bbox 1435 2819 1564 2863; x_wconf 86' lang='lat' dir='ltr'>Regest</span> <span class='ocrx_word' id='word_1_432' title='bbox 1587 2821 1651 2861; x_wconf 89' lang='grc'>86;</span> <span class='ocrx_word' id='word_1_433' title='bbox 1678 2818 1789 2852; x_wconf 88' lang='lat' dir='ltr'>Brock</span> <span class='ocrx_word' id='word_1_434' title='bbox 1814 2829 1844 2853; x_wconf 87' lang='lat' dir='ltr'>a.</span> <span class='ocrx_word' id='word_1_435' title='bbox 1870 2829 1899 2853; x_wconf 90' lang='lat' dir='ltr'>a.</span> <span class='ocrx_word' id='word_1_436' title='bbox 1920 2817 1959 2853; x_wconf 89' lang='grc' dir='ltr'>Ο.</span> 
     </span>
     <span class='ocr_line' id='line_1_49' title="bbox 427 2866 1307 2907; baseline 0 -7"><span class='ocrx_word' id='word_1_437' title='bbox 427 2868 460 2902; x_wconf 81' lang='lat' dir='ltr'>S.</span> <span class='ocrx_word' id='word_1_438' title='bbox 487 2870 531 2901; x_wconf 88' lang='grc'>33</span> <span class='ocrx_word' id='word_1_439' title='bbox 557 2868 578 2902; x_wconf 80' lang='lat' dir='ltr'>f.</span> <span class='ocrx_word' id='word_1_440' title='bbox 605 2868 705 2901; x_wconf 90' lang='lat' dir='ltr'>Anm.</span> <span class='ocrx_word' id='word_1_441' title='bbox 731 2870 770 2907; x_wconf 84' lang='lat'>4;</span> <span class='ocrx_word' id='word_1_442' title='bbox 797 2866 897 2900; x_wconf 84' lang='lat' dir='ltr'>Kiich</span> <span class='ocrx_word' id='word_1_443' title='bbox 922 2877 952 2901; x_wconf 88' lang='lat' dir='ltr'>a.</span> <span class='ocrx_word' id='word_1_444' title='bbox 979 2878 1008 2902; x_wconf 90' lang='lat' dir='ltr'>a.</span> <span class='ocrx_word' id='word_1_445' title='bbox 1035 2866 1075 2901; x_wconf 93' lang='grc' dir='ltr'>Ο.</span> <span class='ocrx_word' id='word_1_446' title='bbox 1101 2866 1134 2901; x_wconf 85' lang='lat' dir='ltr'>S.</span> <span class='ocrx_word' id='word_1_447' title='bbox 1161 2868 1307 2901; x_wconf 84' lang='lat'>70—77.</span> 
     </span>
    </p>
   </div>
  </div>
 </body>
</html>
