2098 3432
342 1415 344 1417 .
398 1383 524 1423 autem,
552 1381 642 1426 quod
667 1382 765 1416 iura
788 1383 943 1417 civilia
968 1384 1095 1418 nostris
1113 1384 1285 1419 beneficiis
1301 1396 1338 1418 m
1362 1396 1531 1419 summum
1549 1387 1718 1430 provecta,
1745 1385 1883 1421 firmata
1899 1397 1940 1420 ac

408 308 490 348 124

403 444 575 500 ΧΧΧῊΙ.
608 445 678 499 Die
694 444 989 501 ltonkalischen
1008 446 1244 501 Besehliisse
1259 462 1344 501 vom
1361 447 1938 516 Jahr01158(Novomb01-).*)

502 555 681 599 [Ragewin
694 555 753 598 IV,
768 566 795 591 c.
810 559 847 590 3:
873 557 940 590 His
956 558 1113 592 omnibus
1124 569 1200 592 cum
1216 558 1409 603 frequentia
1424 558 1590 593 laicorum
1602 559 1804 604 principum,
1817 559 1942 595 ducum

403 601 580 644 videlicet,
616 601 850 636 marchionum
863 630 870 644 ‚
904 604 1085 646 comitum,
1116 606 1152 637 et
1175 604 1409 638 universarum
1433 605 1469 638 in
1492 605 1598 639 Italia
1620 605 1800 640 civitatum
1824 616 1943 640 consu-

403 648 494 681 libus
519 649 622 692 atque
647 647 818 682 iudicibus
842 648 1054 683 Fridericum
1078 650 1400 691 circumstantibus,
1427 651 1508 685 solis
1533 651 1700 696 episcopis
1724 662 1801 686 cum
1824 651 1943 696 paucis

404 693 587 727 admodum
617 693 829 738 principibus
864 695 1021 739 [secreto]
1057 695 1190 729 consilii
1225 696 1278 729 sui
1313 697 1540 741 participibus
1570 697 1739 741 iniungit,
1798 697 1940 732 uatinus

406 739 511 772 divini
546 739 680 773 timoris
713 740 985 775 consideratione
1016 741 1058 775 de
1089 741 1219 775 salubri
1243 742 1384 776 consilio
1408 742 1444 776 in
1468 743 1592 777 Italiae
1615 744 1718 778 rebus
1741 753 1779 778 or
1803 742 1941 778 inandis

403 785 453 818 ita
478 796 591 818 secum
617 785 816 828 deliberent,
842 788 883 819 ut
907 787 1090 821 aecclesiae
1114 787 1178 821 Dei
1202 788 1297 832 pacis
1323 789 1577 832 tranquillitate
1600 789 1796 832 gaudeant,
1829 790 1865 823 et
1886 788 1942 824 ius

401 831 516 874 regale
534 831 703 876 decusque
725 831 859 876 imperii
881 832 996 866 debito
1022 833 1229 877 provehatur
1252 834 1387 868 honore.
1432 834 1555 868 Totum
1579 835 1734 868 triduum
1757 834 1842 869 haec
1865 845 1942 869 con—

401 877 543 910 sultatio
581 877 782 921 absumpsit.
831 878 1086 922 (Verberatung
1115 890 1190 913 vom
1226 883 1369 915 11—14.
1394 879 1495 922 Now)
1549 879 1681 922 Quarta
1712 881 1848 914 demum
1884 881 1940 916 die

401 925 474 963 (15.
499 923 603 965 Nov.)
628 923 865 957 serenissimus
889 924 1075 969 imperator
1098 925 1134 959 in
1159 926 1352 959 concionem
1380 926 1488 967 venit,
1522 927 1709 971 sedensque
1731 926 1769 960 in
1792 926 1940 961 eminen-

402 968 483 1002 tiori
515 969 616 1012 [loco]
630 997 638 1011 ‚
673 969 762 1003 unde
796 970 838 1003 ab
876 971 1033 1004 omnibus
1059 971 1166 1005 videri
1191 973 1327 1016 poterat
1351 974 1387 1005 et
1409 972 1545 1014 audiri,
1570 972 1838 1007 circumsedente
1861 983 1939 1007 eum

400 1025 523 1048 corona
546 1015 813 1049 venerandorum
840 1027 923 1060 quos
943 1017 1252 1061 prenominavimus
1278 1018 1430 1060 heroum,
1455 1029 1516 1062 per
1539 1018 1761 1063 interpretem
1786 1017 1940 1054 elocutus

400 1062 468 1094 cst:
502 1072 529 1095 c.
555 1064 575 1094 4
604 1088 634 1103 ,,.
662 1088 668 1094 .
695 1088 702 1095 .
765 1061 837 1095 Nos
862 1063 992 1105 regium
1026 1074 1147 1097 nomen
1179 1063 1363 1106 habentes,
1396 1064 1629 1098 desideramus
1660 1063 1775 1109 potius
1804 1064 1941 1109 legit-

399 1106 558 1140 timum
590 1108 704 1140 tenere
737 1107 916 1152 imperium
949 1110 985 1142 et
1013 1120 1074 1153 pro
1107 1110 1339 1143 conservanda
1371 1110 1491 1154 cuique
1523 1121 1586 1144 sua
1620 1109 1782 1145 libertate
1805 1111 1842 1145 et
1863 1110 1938 1145 iure

401 1152 489 1195 (Vgl.
517 1152 598 1187 Cod.
622 1152 714 1197 Just.
739 1153 767 1194 Ι,
796 1156 848 1196 14,
874 1154 919 1197 4),
946 1165 1059 1199 quam,
1084 1157 1124 1189 ut
1148 1155 1274 1189 dicitur
1299 1155 1398 1200 (Sall.
1413 1155 1493 1199 Jug.
1513 1167 1543 1191 c.
1559 1156 1629 1200 31),
1655 1156 1770 1190 omnia
1793 1156 1932 1201 impune

398 1198 527 1233 facere.
557 1223 565 1231 .
592 1224 599 1232 .
640 1197 729 1239 Quia
753 1210 832 1242 ergo
856 1200 910 1234 vel
934 1201 1023 1234 bello
1047 1201 1100 1235 vel
1123 1212 1206 1246 pace
1231 1202 1360 1235 clarum
1383 1201 1458 1235 fieri
1481 1202 1572 1244 licet,
1597 1213 1660 1236 nec
1683 1202 1796 1245 refert,
1820 1203 1936 1237 utrum

398 1243 520 1278 melius
546 1244 594 1278 sit
617 1244 765 1289 patriam
791 1246 895 1279 armis
919 1248 1034 1280 tutare
1060 1257 1118 1281 seu
1142 1247 1276 1291 legibus
1291 1248 1494 1290 gubernare,
1521 1248 1628 1282 altero
1653 1247 1795 1282 alterius
1812 1248 1938 1283 auxilio

398 1289 579 1333 indigente
615 1290 706 1334 (Vgl.
733 1290 815 1325 Sall.
854 1291 930 1326 Cat.
956 1303 984 1326 c.
1011 1295 1042 1334 2,
1077 1296 1098 1327 3
1132 1304 1164 1327 u.
1202 1293 1454 1335 Institutiones,
1491 1293 1732 1336 Prooemium),
1769 1293 1936 1328 bellorum

398 1335 551 1369 motibus
567 1336 715 1380 propitia
731 1337 923 1371 Divinitate
939 1338 1080 1379 sedatis,
1107 1349 1146 1372 ac
1162 1339 1254 1381 leges
1271 1339 1365 1383 pacis
1381 1339 1520 1383 negotia
1536 1339 1793 1375 transferamus.
1817 1339 1939 1374 Nostis

396 1427 547 1461 moribus
558 1428 729 1462 utentium
740 1430 930 1473 approbata
945 1430 1031 1464 satis
1049 1430 1178 1464 habent
1193 1431 1334 1472 roboris,
1352 1442 1455 1474 regn
1467 1442 1582 1465 orum
1598 1431 1739 1475 leges,
1756 1432 1938 1477 inquibus,

398 1473 489 1517 quod
505 1475 584 1507 ante
605 1474 794 1516 obtinebat,
809 1477 929 1519 postea
948 1476 1172 1510 desuetudine
1193 1476 1427 1511 inumbratum
1441 1479 1505 1519 est,
1531 1478 1573 1511 ab
1597 1477 1767 1522 imperiali
1790 1477 1939 1512 remedio

404 1521 585 1564 vestraque
610 1520 793 1564 prudentia
825 1532 961 1555 necesse
992 1522 1122 1556 habent
1154 1522 1342 1556 illuminari
1377 1523 1642 1567 (Institutiones,
1666 1523 1832 1562 Ρτοοθιιι.)
1851 1550 1860 1558 .
1880 1550 1887 1558 .
1907 1526 1939 1558 .“

398 1576 426 1599 c.
445 1569 476 1599 5.
516 1565 582 1599 His
600 1565 713 1608 dictis,
738 1577 884 1610 magnus
898 1568 994 1601 favor
1010 1569 1159 1602 omnium
1177 1569 1413 1613 prosequitur.
1429 1597 1437 1604 .
1453 1597 1461 1604 .
1487 1569 1740 1614 Surgentesque
1755 1580 1844 1604 unus
1859 1571 1940 1615 post

399 1622 514 1654 unum,
540 1611 660 1645 sicut
689 1612 783 1646 eius
807 1614 958 1656 gentis
982 1625 1072 1648 mos
1105 1616 1199 1655 est,-
1219 1626 1277 1648 seu
1305 1616 1345 1648 ut
1371 1615 1516 1659 principi
1541 1626 1640 1649 suum
1664 1615 1807 1660 quisque
1830 1615 1941 1650 mani-

399 1658 543 1691 festaret
567 1658 726 1691 affectum
745 1660 780 1692 et
796 1659 1047 1704 propensiorem
1065 1660 1155 1694 circa
1171 1672 1247 1694 eum
1266 1661 1487 1704 devotionem,
1513 1672 1572 1695 seu
1585 1663 1626 1695 ut
1637 1672 1735 1695 suam
1747 1661 1783 1695 in
1795 1661 1938 1696 dicendo

398 1703 569 1747 peritiam,
595 1714 663 1748 qua
679 1704 819 1747 gloriari
838 1705 959 1748 solent,
977 1706 1177 1749 declararet,
1202 1707 1311 1751 primo
1328 1707 1487 1752 episcopi,
1507 1707 1628 1741 deinde
1643 1718 1798 1752 proceres
1813 1709 1935 1751 terrae,

399 1751 480 1793 post
503 1750 658 1783 consules
683 1752 718 1784 et
741 1751 838 1784 missi
871 1752 1084 1795 singularum
1109 1753 1289 1786 civitatum
1314 1754 1424 1787 totam
1449 1753 1539 1787 diem
1563 1753 1660 1787 illam
1683 1753 1940 1788 facundissimis

397 1795 609 1829 sermonibus
634 1795 670 1829 in
696 1798 831 1830 noctem
857 1809 964 1842 usque
988 1798 1230 1842 produxerunt.
1265 1799 1369 1833 Porro
1395 1811 1462 1833 una
1486 1799 1635 1833 omnium
1660 1799 1940 1834 sententia-haec

393 1843 479 1882 erat,
513 1853 534 1875 a
560 1841 808 1876 Mediolanensi
841 1843 1094 1888 archiepiscopo
1122 1845 1275 1889 prolata:
1307 1872 1314 1879 .
1340 1872 1347 1879 .
1373 1873 1381 1879 .
1432 1845 1551 1887 „Scias
1574 1845 1692 1890 itaque
1716 1856 1830 1880 omne
1869 1846 1941 1880 ius

395 1887 550 1932 populi
575 1887 617 1921 in
643 1888 890 1923 condendis
914 1890 1094 1933 legibus
1118 1890 1205 1924 tibi
1229 1902 1495 1926 concessum.
1531 1891 1605 1924 Tua
1621 1891 1780 1926 voluntas
1794 1891 1850 1926 ius
1873 1893 1940 1935 est,

399 1933 490 1966 sicut
514 1933 642 1967 dicitur
653 1934 754 1976 (Inst.
772 1935 800 1977 I,
827 1937 858 1977 2,
885 1935 939 1979 6):
966 1935 1076 1978 ‚Quod
1100 1937 1245 1981 principi
1270 1937 1411 1982 placuit,
1437 1937 1524 1980 legis
1547 1937 1654 1972 habet
1677 1937 1838 1982 vigorem,
1863 1948 1939 1972 cum

397 1979 540 2023 populus
572 1979 602 2013 ei
627 1982 664 2013 et
688 1980 723 2013 in
749 1991 825 2014 eum
850 1992 947 2015 omne
972 1993 1070 2015 suum
1107 1983 1286 2027 imperium
1312 1985 1348 2017 et
1370 1985 1577 2028 potestatem
1602 1983 1780 2018 concessit.
1827 1982 1941 2026 Quod-

398 2036 542 2070 cumque
573 2026 663 2059 enim
694 2026 881 2071 imperator
903 2039 964 2072 per
988 2028 1167 2072 epistolam
1199 2029 1417 2063 constituerit
1445 2029 1497 2063 vel
1523 2040 1728 2072 cognoscens
1753 2029 1940 2064 decreverit

399 2071 453 2104 vel
479 2071 591 2105 edicto
617 2073 823 2117 preceperit,
848 2073 958 2116 legem
989 2085 1062 2108 esse
1086 2076 1244 2108 constat-⁴
1301 2075 1455 2109 Profecto
1480 2075 1665 2109 secundum
1690 2077 1850 2110 naturam
1874 2077 1940 2118 est,

397 2117 574 2151 commoda
598 2118 762 2163 cuiusque
787 2119 835 2153 rei
861 2130 937 2153 eum
963 2120 1059 2164 sequi
1083 2131 1183 2164 quem
1208 2123 1370 2155 secuntur
1392 2121 1606 2155 incommoda
1623 2121 1716 2166 (Dig.
1731 2121 1768 2164 L,
1789 2124 1842 2164 17,
1871 2121 1938 2165 10),

397 2164 436 2196 ut
464 2163 624 2197 videlicet
653 2165 809 2198 omnibus
843 2165 968 2199 debeas
1000 2165 1177 2210 imperare,
1209 2167 1267 2211 qui
1293 2167 1443 2200 omnium
1467 2169 1622 2201 nostrum
1655 2167 1804 2202 sustines
1837 2178 1940 2202 onera

396 2209 559 2243 tutelae.“
618 2209 684 2243 His
718 2210 847 2253 finitis,
887 2222 927 2244 ea
961 2211 1015 2245 die
1049 2212 1084 2245 in
1118 2223 1292 2256 vesperam
1325 2214 1501 2257 protracta
1533 2213 1628 2246 curia
1661 2213 1805 2247 solvitur
1874 2213 1938 2248 Die

398 2254 627 2299 Schilderung
662 2255 773 2290 dieser
805 2258 918 2291 ersten
952 2257 1299 2302 Reichstagssitzung
1331 2259 1486 2302 gewahrt
1509 2259 1606 2292 einen
1631 2259 1790 2293 Einblick
1813 2259 1850 2294 in
1874 2259 1939 2294 den

398 2299 501 2345 Gang
525 2301 717 2345 derartiger
732 2302 1043 2346 Verhandlungen.'
1066 2303 1223 2347 Wacker,
1248 2304 1319 2339 Der
1333 2304 1523 2348 Reichstag
1546 2315 1576 2340 a.
1597 2316 1626 2339 a.
1645 2303 1685 2340 Ο.
1703 2305 1737 2340 S.
1755 2307 1799 2340 47
1815 2316 1849 2340 u.
1868 2306 1937 2350 50.]

513 2423 544 2467 *)
562 2423 641 2467 Vgl.
653 2422 775 2466 Hegel,
794 2421 999 2457 Geschichte
1015 2423 1075 2458 der
1090 2423 1414 2468 Stadteverfassung
1429 2437 1459 2458 v.
1477 2425 1623 2467 Italien;
1649 2425 1780 2468 Ficker,
1796 2425 1941 2460 Fon-sch-

397 2481 511 2513 ungen
536 2481 595 2503 zur
618 2469 760 2503 Reichs-
782 2480 815 2503 u.
840 2469 1168 2512 Rechtsgeschichte
1192 2469 1345 2512 Italicus,
1370 2471 1579 2504 namentlich
1597 2471 1625 2513 Ι,
1650 2472 1670 2514 ἓ
1691 2473 1774 2513 1623
1798 2471 1938 2515 Reuter,

396 2515 590 2549 Alexander
602 2515 666 2549 ΠΙ.
685 2515 713 2555 Ι,
730 2517 791 2557 37;
816 2515 920 2549 Prutz
936 2515 964 2556 Ι,
986 2518 1165 2550 169-183
1182 2527 1215 2549 u.
1229 2515 1370 2560 Beilage
1387 2519 1426 2558 ὃς
1446 2515 1668 2551 Giesebrecht
1677 2517 1718 2560 V,
1738 2519 1940 2560 173—183;

395 2562 550 2596 Ribbeck
575 2573 604 2596 a.
631 2572 661 2595 a.
687 2560 726 2596 Ο,
754 2561 786 2595 S.
813 2564 857 2595 39
874 2564 968 2602 -47;
1003 2561 1159 2604 Arras,
1185 2562 1249 2596 Die
1274 2562 1526 2596 Ronkalischen
1550 2563 1755 2598 Beschliisse
1777 2575 1807 2598 v·
1831 2563 1939 2598 Jahre

400 2611 488 2642 1158
521 2607 607 2653 undu
625 2607 699 2640 ihre
730 2607 1016 2650 Durchfiihrung;
1066 2607 1230 2645 Nitzsch.
1275 2607 1396 2642 Gesch.
1431 2608 1463 2643 d.
1499 2608 1531 2642 d.
1562 2609 1602 2643 V.
1641 2609 1695 2647 ΙΙ,
1737 2611 1938 2652 255-2593

397 2654 559 2695 Pomtow,
585 2653 678 2687 Uber
703 2653 767 2686 den
785 2653 933 2686 Einfluss
960 2653 1019 2686 der
1043 2653 1285 2688 altromischen
1299 2654 1561 2697 Vorstellungen
1587 2666 1662 2689 vom
1678 2655 1780 2689 Sta-at
1805 2654 1864 2690 auf
1883 2655 1939 2690 die

397 2699 528 2733 Politik
545 2699 668 2733 Kaiser
683 2698 878 2732 Friedrichs
894 2699 920 2733 Ι.
937 2710 970 2733 u.
991 2699 1046 2732 die
1056 2699 1340 2744 ‘Anschauungen
1359 2700 1469 2734 seiner
1482 2700 1557 2734 Zeit
1575 2701 1681 2745 (Hall.
1698 2700 1791 2736 Diss.
1814 2703 1916 2745 1885)
1930 2715 1939 2738 :

397 2745 508 2787 Kfieh,
557 2745 622 2778 Die
659 2745 1157 2788 Landsriedensbestrebungen
1193 2745 1316 2780 Kaisar
1350 2746 1545 2780 Friedrichs
1569 2747 1610 2789 1.,
1646 2746 1679 2782 S.
1716 2749 1863 2782 33—35.
1895 2767 1937 2772 -—

397 2811 436 2815 —
463 2791 537 2825 Von
560 2791 624 2825 den
642 2791 830 2836 Scriptores
847 2791 995 2824 handeln
1013 2791 1097 2824 iiber
1114 2791 1229 2826 diesen
1245 2791 1434 2835 Reichstag
1447 2792 1623 2836 Ragcwin,
1650 2791 1757 2827 Gesta
1770 2792 1863 2828 Frid.·
1878 2793 1939 2835 IV,

395 2849 423 2871 ο.
443 2841 551 2879 1-9;
579 2837 719 2872 Ottonis
746 2836 832 2872 Fris.
859 2837 957 2874 Cont.
985 2836 1101 2873 Sanbl.
1128 2849 1156 2873 c.
1185 2841 1244 2882 14,
1271 2837 1354 2872 Otto
1378 2838 1529 2882 Morena,
1555 2838 1602 2874 M.
1628 2837 1669 2874 G.
1695 2838 1728 2875 S.
1754 2838 1788 2874 S.
1812 2838 1943 2884 XVIII,
