2098 3432
443 315 526 354 284

557 423 720 458 Urkunde
745 425 766 458 b
792 424 891 458 fahrt
919 425 992 458 also
1017 425 1150 459 weiter:

554 471 656 512 Ecce
676 470 840 512 nomina
859 471 1086 525 principum
1117 480 1156 513 et
1177 473 1365 521 militum,
1397 473 1464 525 qui
1493 473 1625 515 iurare
1651 474 1820 516 debent:
1851 475 1978 517 archi-

444 527 652 580 episcopus
691 527 738 567 de
769 527 985 579 Maganza,
1025 528 1346 581 archiepiscopus
1376 529 1423 569 (16
1454 528 1628 579 Colonia,
1659 530 1978 586 archiepiscopus

444 582 492 623 (16
524 582 786 635 Salseburgo,
823 583 1033 636 episcopus
1063 584 1112 624 de
1142 584 1374 637 Panbergis,
1406 584 1616 638 episcopus
1646 586 1694 627 de
1727 586 1997 637 Guarmasiffi

443 639 650 692 episcopus
689 638 737 679 de
779 638 1066 692 Straseburgo,
1111 640 1319 694 episcopus
1364 640 1412 681 de
1450 641 1640 690 Baselea,
1682 642 1892 696 episcopus
1929 643 1978 684 de

445 695 571 747 Spira,
602 695 811 748 episcopus
832 695 880 735 de
902 695 1174 748 Renesburgo,
1206 699 1246 737 et
1266 696 1528 737 cancellarius
1556 697 1828 750 imperatoris,
1858 699 1980 740 abbas

443 751 491 791 de
521 750 635 800 Volt,
673 750 858 791 dominus
899 752 1117 804 imperator
1161 752 1420 806 F(ridericus)
1466 754 1506 793 et
1548 765 1618 794 rex
1655 753 1853 796 Henricus
1894 754 1979 796 eius

444 807 550 847 filius
581 809 622 847 et
652 806 754 847 alius
785 807 871 848 eius
901 807 1019 856 filius,
1051 808 1119 859 qui
1150 811 1212 849 est
1242 808 1332 858 dux,
1363 809 1412 850 de
1435 808 1607 850 Saxonia
1627 809 1859 851 Bernardus
1888 809 1990 859 dux,

444 864 485 903 6(
513 863 594 903 dux
625 862 837 916 Guelphus
877 866 918 904 et
947 863 1028 904 dux
1057 863 1105 904 de
1136 864 1315 917 Zarengo
1355 868 1395 905 et
1434 864 1515 905 dux
1545 865 1593 906 (16
1618 865 1802 907 Βο106116
1841 867 1882 907 et
1901 865 1981 908 dux

444 919 491 959 de
510 919 730 960 'Austorico
761 920 802 960 et
830 919 911 959 dux
940 919 989 960 (16
1021 919 1144 961 Stiria
1184 924 1224 961 et
1253 920 1334 961 dux
1365 921 1413 961 de
1443 921 1621 971 Boemia,
1652 921 1733 962 dux
1763 922 1812 962 de
1833 921 1982 964 Caran-

443 979 541 1016 tana
575 977 616 1016 et
653 975 905 1016 marchiones
944 975 992 1016 de
1024 975 1207 1025 Saxonia,
1246 977 1397 1017 scilicet
1425 977 1603 1018 marchio
1632 977 1734 1019 Tiris
1781 980 1821 1018 6(
1859 977 1983 1020 frater

444 1031 530 1072 eius
550 1043 683 1072 6011168
705 1031 834 1080 Dede,
867 1033 907 1072 et
935 1031 1195 1084 landegravii,
1226 1033 1295 1084 qui
1326 1036 1423 1073 sunt
1451 1032 1706 1086 imperatoris
1734 1034 1912 1087 nepotes,
1941 1035 1983 1075 et

443 1087 567 1128 frater
595 1087 861 1141 imperatoris,
891 1100 1024 1128 comes
1045 1088 1244 1129 Henricus
1275 1088 1324 1129 de
1354 1089 1475 1130 Decio
1507 1091 1547 1129 6(
1578 1101 1710 1131 6611168
1740 1089 1788 1130 (16
1811 1089 1981 1140 Savolia,

444 1156 577 1184 comes
614 1144 818 1197 palatinus
857 1143 904 1184 de
944 1144 1132 1196 Doenga,
1173 1144 1422 1185 Guarnerius
1462 1144 1510 1186 de
1543 1145 1744 1195 Balenda,
1784 1145 1896 1187 Cona
1933 1145 1982 1187 de

446 1200 674 1253 Miciborgo,
704 1200 873 1241 Enricus
903 1201 1191 1250 marescalcus,
1235 1200 1442 1242 Conradus
1474 1201 1522 1242 de
1555 1201 1746 1250 Scainke,
1782 1201 1982 1243 Rodulfus

444 1257 722 1309 camerlengus
733 1257 784 1310 *)‚
814 1257 1004 1297 Albertus
1026 1256 1075 1296 (16
1097 1256 1349 1309 Grognengo,
1378 1258 1568 1298 Albertus
1590 1257 1639 1298 de
1659 1257 1910 1310 Adelburgo;
1941 1259 1983 1299 6(

443 1324 593 1361 016668,
634 1313 703 1364 qui
732 1313 883 1353 1161166(
913 1312 1275 1353 6161618(16(106616
1315 1314 1364 1354 611
1394 1313 1634 1366 imperatore
1671 1313 1714 1354 in
1742 1313 1983 1355 Lombardia

444 1370 485 1409 6(
504 1369 684 1409 Marchia
714 1370 754 1409 6(
773 1369 984 1417 Romania,
1014 1368 1118 1409 infra
1138 1381 1330 1418 mensem,
1361 1381 1408 1409 ex
1438 1381 1516 1421 quo
1539 1369 1688 1422 ceperit
1717 1369 1981 1410 aministrare.

443 1424 529 1465 Η66
560 1427 656 1466 8116(
685 1425 849 1466 6016166
878 1424 1099 1474 civitatum,
1137 1437 1214 1476 que
1245 1425 1392 1465 debent
1420 1426 1553 1465 iurare
1592 1437 1639 1465 ex
1667 1428 1781 1478 parte
1809 1425 1983 1479 impera-

444 1481 553 1531 toris,
587 1481 738 1522 scilicet
767 1481 976 1529 Cremona,
1006 1480 1140 1527 Pavia,
1172 1482 1271 1521 Aste
1303 1483 1343 1521 6(
1373 1481 1567 1522 Terdona.

556 1537 732 1578 Nomina
761 1537 973 1578 civitatum
1004 1539 1043 1577 et
1072 1537 1251 1578 locorum
1282 1539 1322 1578 6(
1350 1549 1614 1590 personarum
1645 1537 1859 1585 societatis,
1889 1549 1982 1578 611111

445 1594 591 1646 quibus
622 1593 808 1634 dominus
838 1593 1055 1646 imperator
1084 1592 1179 1634 facit
1216 1593 1467 1634 concordiam
1497 1596 1538 1634 6(
1567 1605 1644 1646 que
1675 1593 1822 1634 debent
1849 1593 1982 1634 iurare

446 1662 492 1690 ex
536 1652 650 1703 parte
694 1649 908 1698 societatis,
952 1649 1002 1689 he
1046 1651 1163 1689 sunt:
1214 1649 1413 1698 Vercelle‚
1458 1649 1654 1698 Novaria,
1697 1648 1982 1699 Mediolanum,

444 1705 594 1755 Laude,
623 1706 881 1758 Pergamum,
911 1705 1058 1753 Brixia,
1088 1705 1268 1754 Mantua,
1298 1705 1469 1754 Verona,
1490 1705 1684 1753 Vicent-ia,
1705 1704 1857 1754 Padua,
1886 1705 1983 1745 Tar-

444 1762 601 1811 visium,
617 1762 811 1810 Ferraria,
828 1761 1019 1810 Bononia,
1034 1761 1201 1809 Inmola,
1222 1761 1400 1809 Faentia,
1422 1761 1612 1802 Castrum
1630 1760 1770 1802 Sancti
1791 1760 1982 1810 Cassiani,

445 1818 620 1867 Mutina,
650 1818 846 1870 Regium,
876 1817 1042 1866 Parma,
1072 1817 1279 1858 Placentia
1309 1830 1402 1858 cum
1432 1818 1579 1867 Bobio,
1608 1817 1721 1870 plebs
1751 1816 1799 1857 de
1830 1816 1982 1858 Grabae

445 1874 597 1923 donaa),
626 1874 804 1915 marchio
835 1873 970 1927 Opizo.

556 1931 755 1972 Dominus
803 1930 1029 1971 Fridericus
1069 1930 1144 1970 Dei
1190 1929 1321 1981 gratia
1359 1929 1636 1970 Romanorum
1679 1929 1898 1982 imperator
1941 1930 1982 1970 et

445 1999 603 2040 semper
636 1988 835 2039 augustus
867 1989 907 2027 et
940 1986 1047 2027 filius
1083 1986 1168 2027 eius
1203 1998 1271 2026 rex
1299 1985 1499 2026 Henricus
1528 1985 1661 2025 iurare
1691 1985 1810 2026 debet
1837 1997 1910 2038 per
1938 1997 1980 2026 se

446 2047 516 2084 aut
536 2055 607 2096 per
628 2043 750 2084 aliam
769 2054 994 2096 personam,
1025 2042 1090 2083 cui
1109 2041 1348 2082 nominatim
1368 2041 1600 2094 parabolam
1609 2041 1638 2074 b)
1658 2041 1780 2089 dabit,
1809 2042 1856 2081 ut
1875 2041 1982 2081 iuret

443 2100 485 2139 in
516 2099 650 2139 anima
689 2111 782 2148 sua,
822 2099 928 2151 quod
965 2098 1051 2151 ipse
1090 2098 1276 2138 dominus
1314 2098 1533 2150 imperator
1568 2098 1671 2138 bona
1698 2097 1776 2138 fide
1815 2099 1856 2138 et
1895 2097 1980 2137 sine

444 2155 584 2196 fraude
615 2155 790 2196 servabit
823 2154 1076 2196 concordiam
1105 2154 1214 2206 pacis
1245 2153 1436 2206 scriptam
1475 2165 1547 2205 per
1576 2153 1784 2195 dominum
1816 2151 1981 2195 Guiliel-

443 2224 559 2252 mum
587 2213 804 2252 Astensem
833 2211 1064 2264 episcopum
1094 2211 1134 2250 6(
1163 2209 1438 2250 marchionem
1475 2209 1708 2258 Henricum,
1738 2208 1807 2261 qui
1837 2208 1981 2249 dicitur

446 2268 653 2317 Guercius,
685 2269 725 2308 6(
740 2267 907 2308 fratrem
929 2266 1235 2318 Tedericum**)
1266 2267 1306 2306 et
1323 2265 1543 2306 Rodulfum
1573 2265 1883 2317 camerlengum,
1912 2265 1980 2317 qui

444 2324 684 2364 mandatum
723 2324 833 2377 pacis
873 2323 1104 2363 habuerunt
1143 2323 1192 2362 ab
1230 2322 1488 2374 imperatore,
1533 2325 1574 2362 6(
1618 2334 1664 2362 ex
1702 2321 1830 2362 altera
1866 2321 1980 2374 parte

445 2381 607 2422 nuntios
638 2380 847 2421 civitatum
888 2381 928 2419 et
956 2379 1135 2419 locorum
1175 2380 1215 2419 et
1243 2390 1509 2430 personarum
1539 2377 1761 2424 societatis,
1803 2378 1844 2417 et
1873 2376 1979 2429 quod

444 2438 548 2477 bona
576 2436 653 2477 fide
694 2438 733 2476 et
768 2435 853 2476 8166
893 2434 1033 2475 fraude
1071 2434 1190 2474 faciet
1227 2434 1360 2478 iurare
1394 2434 1618 2487 praedictos
1647 2433 1856 2486 principes,
1894 2433 1979 2472 tam

444 2493 607 2534 clericos
645 2505 769 2545 quam
806 2492 937 2539 laicos,
977 2492 1016 2531 et
1044 2490 1194 2531 milites
1225 2493 1264 2530 et
1294 2490 1478 2530 consules
1509 2491 1550 2530 et
1578 2491 1798 2543 potestates
1827 2488 1981 2542 predic-

444 2551 581 2590 tarum
610 2549 830 2597 civitatum,
870 2547 975 2599 quod
1005 2546 1082 2599 ipsi
1111 2546 1260 2587 facient
1289 2558 1427 2586 omnes
1458 2546 1639 2586 homines
1678 2557 1749 2586 866
1779 2543 1979 2586 credentie

446 2608 486 2646 et
524 2618 652 2646 unum
689 2604 894 2645 hominem
932 2603 975 2643 in
1013 2603 1175 2656 publica
1203 2602 1389 2643 concione
1427 2602 1469 2642 in
1508 2602 1645 2642 anima
1673 2601 1810 2654 populi
1847 2600 1979 2641 iurare

445 2674 516 2714 pro
547 2674 621 2702 sua
650 2661 822 2709 civitate,
853 2659 959 2712 quod
988 2659 1093 2700 bona
1121 2658 1199 2699 fide
1230 2659 1449 2699 servabunt
1477 2670 1617 2710 pacem
1648 2659 1688 2698 6(
1717 2655 1979 2705 concordiam,

562 2786 595 2826 6)
622 2782 834 2818 Gravedona.
883 2783 920 2824 b)
944 2781 1153 2816 Vollmacht.

564 2831 596 2871 *)
620 2830 818 2864 Kammerer
841 2828 972 2863 Rudolf
994 2840 1022 2862 v.
1049 2827 1301 2862 Siebeneichen.

541 2876 591 2919 **)
616 2876 749 2910 Bruder
771 2875 927 2909 Dietrich
954 2885 1016 2908 von
1042 2873 1135 2907 Silva
1161 2873 1357 2907 Benedicta.
