2098 3432
435 335 516 374 248

434 446 600 486 comites
631 445 678 486 de
708 445 953 487 Blanderato
984 460 1077 488 cum
1106 448 1215 489 omni
1244 451 1352 489 terra
1381 461 1474 499 sua,
1509 462 1631 503 quam
1660 452 1819 500 tenent,
1856 466 1964 495 mar-

434 501 595 542 chiones
626 501 674 542 (10
703 501 830 542 Vasto
860 515 954 543 cum
983 503 1093 544 omni
1122 507 1231 545 terra
1260 517 1344 554 sua,
1383 517 1506 558 quam
1534 507 1684 556 tenent,
1714 509 1963 551 marchiones

433 556 481 597 de
502 556 635 598 Busco
656 570 749 598 cum
770 558 877 598 omni
899 562 1016 608 terra,
1046 572 1168 612 quam
1189 562 1339 609 tenent,
1369 561 1534 602 comites
1545 564 1571 595 ἃ)
1593 562 1641 604 (10
1661 563 1840 606 Lomello
1871 578 1964 606 cum

433 613 542 653 omni
578 614 687 654 terra
725 625 816 663 aus,
859 627 982 666 quam
1018 617 1178 665 tenent,
1223 619 1263 656 et
1292 618 1425 657 cetera
1461 617 1548 658 loca
1581 619 1789 660 nominata
1825 622 1866 661 et
1903 621 1966 662 in-

431 668 640 710 nominata
668 670 709 709 et
738 673 890 711 ceteras
919 683 1110 724 personas
1130 672 1358 713 nominatas
1388 674 1429 714 et
1448 673 1731 724 inmminatas,
1761 688 1838 728 que
1868 679 1964 718 sunt

429 724 470 764 in
499 726 612 777 parte
641 725 914 778 imperatoris;
947 728 987 767 et
1016 727 1251 768 societatem
1278 728 1614 779 Lombardorum,
1653 731 1804 772 scilicet
1831 731 1962 774 Vene-

429 780 540 829 tiam,
570 781 806 830 Tarvisium,
835 782 1030 832 Paduam,
1061 783 1329 833 Vincentiam,
1359 784 1571 835 Veronam,
1602 786 1792 836 Brixiam,
1821 787 1964 829 Ferra-

429 836 548 885 riam,
597 837 829 887 Mantuam,
879 838 1143 892 Bergamum,
1193 839 1399 890 Laudum,
1456 841 1751 892 Mediolanum,
1800 842 1960 894 Cumas,

430 891 668 942 Novariam,
716 894 940 944 Vercellas,
987 895 1292 942 Alexandriam,
1341 895 1559 938 Cassinum
1607 899 1648 939 et
1694 898 1960 950 Belmontem,

429 948 699 998 Placentiam,
729 950 922 1000 Bobium,
953 950 1173 1004 Opizonem
1203 952 1481 1005 Malaspinam,
1515 953 1718 1003 Parmam,
1746 955 1959 1008 Rhegium,

429 1004 643 1054 Mutinam,
674 1006 909 1056 Bononiam,
939 1007 1122 1048 homines
1161 1008 1209 1049 de
1241 1011 1378 1050 sancto
1410 1008 1603 1051 Cassiano
1633 1011 1673 1051 et
1700 1010 1891 1052 Docciam
1919 1014 1960 1052 et

428 1062 561 1101 cetera
589 1062 676 1102 loca
706 1064 746 1103 et
774 1075 965 1116 personas
995 1063 1282 1117 episcoporum,
1313 1065 1547 1106 clericorum
1569 1067 1609 1107 et
1628 1066 1821 1107 laicorum
1842 1067 1961 1108 Lom-

426 1116 584 1166 bardie,
621 1118 819 1168 Marchie‚
858 1120 1126 1171 Romagnole‚
1164 1133 1240 1173 que
1280 1123 1376 1161 sunt
1411 1121 1453 1161 in
1491 1122 1680 1162 societate
1709 1122 1960 1173 Lombardie,

428 1185 521 1213 cum
542 1175 740 1224 omnibus,
770 1187 846 1227 que
866 1175 1019 1216 habent
1049 1179 1089 1216 et
1108 1178 1258 1225 tenent,
1288 1179 1461 1229 treugua
1481 1177 1702 1218 constituta
1722 1179 1784 1219 est
1804 1179 1854 1220 ab
1872 1179 1961 1220 istis

427 1229 623 1271 Kalendis
652 1231 828 1283 Augusti
856 1244 984 1284 usque
1015 1231 1066 1272 ad
1096 1245 1165 1273 sex
1194 1245 1330 1281 annos,
1362 1245 1439 1285 que
1470 1233 1527 1274 sic
1555 1233 1792 1275 firmabitur.

537 1286 736 1328 Dominus
766 1288 984 1341 imperator
1012 1287 1131 1329 faciet
1159 1289 1282 1330 iurari
1311 1289 1353 1329 in
1384 1289 1519 1330 anima
1548 1302 1622 1330 sua
1651 1291 1692 1330 et
1718 1289 1827 1331 filius
1857 1303 1956 1332 suus

427 1341 625 1383 Henricus
654 1355 724 1384 rex
761 1343 956 1393 similiter,
987 1346 1028 1385 et
1057 1345 1255 1398 principes
1285 1345 1493 1386 Alamanie
1523 1345 1734 1395 iurabant,
1773 1346 1843 1399 qui
1870 1359 1960 1400 pre-

428 1400 562 1439 sentes
583 1402 689 1448 sunt,
722 1401 762 1440 et
783 1399 1136 1441 Guarscendonius
1148 1401 1188 1453 *)
1220 1403 1260 1442 et
1295 1401 1472 1442 marchio
1498 1401 1788 1442 Montisferrati
1818 1403 1859 1443 et
1886 1403 1958 1444 filii

427 1454 491 1494 sui
521 1456 560 1495 et
589 1456 842 1497 marchiones
873 1456 921 1497 de
950 1456 1075 1498 Vasto
1116 1458 1156 1497 et
1185 1457 1233 1498 de
1263 1457 1414 1506 Busco,
1454 1457 1620 1498 comites
1659 1457 1707 1498 de
1737 1457 1958 1500 Blandrato

426 1512 466 1550 et
504 1510 552 1551 de
581 1511 759 1553 Lomello
799 1514 839 1553 et
873 1513 1057 1554 consules
1088 1512 1283 1554 Cremone
1321 1515 1361 1554 et
1389 1513 1608 1567 Papienses
1649 1514 1690 1554 et
1718 1514 1918 1555 credentie
1930 1516 1957 1548 b)

426 1566 624 1619 ipsorum,
670 1569 710 1608 et
751 1581 858 1609 unus
901 1569 943 1609 in
972 1569 1134 1622 publica
1177 1569 1363 1610 concione
1406 1569 1446 1609 in
1485 1569 1698 1611 animabus
1736 1570 1874 1623 populi
1912 1583 1959 1611 ex

424 1623 616 1665 mandato
654 1624 781 1677 ipsius
815 1625 964 1678 populi.
1022 1625 1136 1666 Idem
1174 1626 1244 1666 fiet
1283 1625 1324 1666 in
1353 1625 1440 1666 aliis
1470 1625 1717 1675 civitatibus,
1755 1638 1833 1678 que
1863 1627 1959 1668 sunt

425 1693 470 1722 ex
501 1683 613 1734 parte
644 1681 794 1722 domini
822 1681 1085 1735 imperatoris,
1125 1682 1231 1734 quod
1262 1681 1414 1723 scilicet
1442 1681 1547 1722 bona
1573 1681 1661 1731 fide,
1703 1681 1788 1723 sine
1817 1681 1957 1724 fraude

425 1741 465 1778 et
493 1738 599 1779 malo
627 1737 787 1790 ingenio
826 1738 1050 1790 predictam
1087 1741 1301 1790 treuguam
1339 1737 1609 1778 observabunt
1644 1738 1833 1790 predictis
1863 1738 1958 1780 civi-

423 1794 576 1835 tatibus
616 1795 656 1834 et
694 1794 789 1835 locis
830 1795 871 1835 et
901 1793 1079 1847 personis
1109 1794 1326 1835 nominatis
1356 1794 1396 1834 et
1423 1805 1504 1834 non
1532 1793 1750 1834 nominatis
1779 1794 1956 1847 predicte

423 1850 636 1899 societatis,
665 1850 724 1890 ita
753 1850 859 1902 quod
888 1862 1016 1902 usque
1047 1849 1096 1890 ad
1125 1862 1194 1890 sex
1224 1861 1349 1891 annos
1378 1861 1459 1890 non
1488 1848 1691 1890 offendent
1719 1861 1785 1891 eos
1814 1862 1886 1904 per
1913 1862 1956 1892 se

423 1906 486 1947 vel
515 1918 587 1959 per
616 1906 715 1947 alios
744 1906 786 1946 in
815 1906 997 1959 personis
1028 1906 1091 1946 vel
1111 1906 1242 1955 rebus,
1274 1917 1374 1959 quas
1403 1905 1555 1945 habent
1582 1905 1646 1946 vel
1675 1906 1834 1954 tenent;
1864 1919 1957 1947 con-

423 1962 618 2003 tinebitur
656 1961 780 2002 etiam
808 1962 850 2002 in
879 1962 1127 2010 iuramento,
1167 1962 1274 2014 quod
1302 1960 1485 2002 homines
1515 1960 1717 2002 societatis
1747 1965 1788 2003 et
1817 1974 1956 2003 eorum

422 2030 486 2058 res
518 2018 647 2058 securi
689 2018 770 2058 sint
812 2018 855 2058 in
892 2019 1000 2059 terra
1028 2018 1301 2071 imperatoris,
1340 2017 1444 2059 sicut
1472 2018 1652 2070 tempore
1682 2018 1802 2070 pacis.
1851 2018 1906 2059 Et
1933 2030 1955 2059 e

422 2086 610 2115 converso
629 2073 990 2115 Cremonensibus0›
1004 2086 1162 2126 quoque
1178 2075 1218 2115 et
1232 2073 1531 2127 Papiensibusd)
1545 2075 1586 2113 et
1607 2072 1694 2113 aliis
1713 2073 1952 2124 civitatibus,

421 2129 517 2171 10018
549 2131 589 2170 et
617 2130 797 2183 personis
827 2130 876 2171 (10
905 2131 1020 2183 parte
1048 2130 1302 2183 imperatoris
1333 2129 1472 2170 eadem
1501 2127 1570 2170 fiet
1610 2131 1650 2168 et
1679 2130 1956 2171 observabitur

421 2186 615 2227 securitas
646 2198 669 2227 a
698 2186 887 2227 societate
903 2186 1152 2227 Lombardie.
1212 2185 1352 2228 Securi
1374 2185 1548 2227 autemss)
1578 2185 1625 2225 ut
1644 2185 1824 2239 tempore
1844 2186 1954 2239 pacis

421 2299 481 2333 der
504 2310 567 2333 von
592 2299 695 2332 ihnen
719 2298 976 2333 beschworenen
991 2299 1158 2342 Vertrage
1181 2298 1368 2332 vei-briefen
1393 2298 1503 2341 (Boso,
1528 2298 1612 2332 Vita
1635 2298 1731 2333 Alex.
1757 2296 1951 2331 Watterich

422 2356 452 2380 a.
467 2356 496 2380 a.
512 2344 551 2380 O.
565 2345 611 2386 ΙΙ,
630 2346 730 2387 444);
755 2345 829 2378 hier
845 2345 955 2378 heisst
966 2356 1001 2379 es
1017 2355 1081 2378 von
1095 2345 1155 2378 (101·
1167 2344 1320 2388 Treuga:
1351 2344 1464 2389 „quod
1482 2345 1613 2379 scilicet
1628 2345 1793 2389 scriptum
1807 2343 1954 2388 propriis

421 2391 728 2444 subscriptionibus
759 2391 910 2454 ipsoru‘m
942 2391 1168 2443 mediatorum
1201 2390 1291 2443 hinc·
1308 2390 1387 2424 inde
1424 2390 1660 2443 confirmatum
1691 2391 1746 2424 est
1769 2391 1805 2442 et
1828 2389 1953 2442 sigillis

420 2436 1259 2527 {issti’fffflvfft‘gss}⁰:33³&aareffseasssszssssssffizs
1282 2438 1330 2516 25}
1345 2435 1952 2533 sgf'huffiff‘ivffssntffasstffgffi

421 2541 482 2563 aus
508 2530 584 2563 dem
607 2528 734 2564 Archiv
758 2541 788 2563 v,
806 2529 960 2572 Bologna
984 2529 1071 2573 (Lib.
1089 2529 1106 2562 I
1131 2529 1185 2562 (101
1209 2528 1362 2572 Registri
1387 2527 1506 2562 Grossi
1531 2528 1608 2562 dell’
1622 2527 1782 2562 Archivio
1806 2527 1951 2561 notarile

421 2575 456 2609 di
480 2575 646 2620 Bologna)
672 2575 854 2620 publiziert
877 2575 948 2609 und
973 2574 1123 2608 dai-nach
1147 2586 1211 2608 von
1235 2575 1334 2608 Pertz
1363 2574 1399 2608 in
1424 2574 1478 2608 die
1502 2574 1724 2608 Monumenta
1750 2572 1951 2607 Germaniae

420 2622 676 2666 aufgenommen
701 2621 845 2656 worden.
894 2621 1028 2655 Zuletzt
1047 2620 1110 2654 hat
1134 2621 1182 2654 sie
1198 2620 1351 2664 Vignati,
1376 2619 1490 2654 Storia
1515 2619 1735 2665 diplomatica
1759 2618 1850 2653 della
1871 2619 1951 2662 lega

419 2667 611 2702 Lonibarda
634 2679 711 2720 pag.
737 2670 919 2720 3.¹⁰“3¹3
943 2667 1062 2701 ediert.
1083 2687 1112 2691 ν-
1137 2666 1213 2700 Wie
1238 2677 1299 2700 aus
1315 2666 1449 2700 Artikel
1467 2668 1509 2701 27
1536 2666 1595 2700 des
1618 2666 1764 2700 Pactum
1778 2665 1949 2699 Venetam

420 2713 1025 2803 ¹¹⁹¹V⁰r=5>e¹¹1¹⁵3¹i§Sioffecffiidfflff
1044 2713 1126 2793 3¹31?
1143 2713 1298 2793 §iffi
1320 2712 1594 2802 abvggeffffliiffika
1634 2760 1675 2792 18
1713 2756 1772 2791 des
1806 2756 1950 2790 Fatum

418 2806 753 2896 venetldljni'ignati:
778 2851 945 2886 comitem.
992 2850 1029 2894 b)
1053 2851 1152 2886 Bate.
1201 2850 1232 2894 c)
1257 2850 1399 2894 Vignati
1424 2849 1674 2885 Cremonenses.
1723 2848 1759 2894 d)
1783 2848 1948 2892 Vignati:

418 2898 612 2943 Papienses.
661 2898 692 2943 e)
716 2898 779 2932 Ich
801 2899 970 2933 vermute:
996 2897 1232 2932 Securitatem.
