2098 3432
446 245 521 320 >42

468 390 566 443 ipsis
595 388 764 430 viriliter
793 390 1055 441 expugnatae.
1112 387 1234 428 Nunc
1273 388 1410 427 autem
1448 385 1598 427 nostris
1629 388 1669 427 et
1703 386 1830 439 ipsius
1858 387 1998 441 populi

467 446 642 499 peccatis
673 445 945 497 exigentibus,
975 443 1082 496 quod
1111 444 1197 484 sine
1227 454 1375 493 magno
1406 441 1542 482 dolore
1571 443 1612 482 et
1640 443 1795 494 gemitu
1821 442 1998 496 proferre

467 514 548 542 non
577 512 806 554 possumus,
836 499 982 540 Edissa
1011 499 1164 549 civitas,
1192 510 1294 551 quae
1323 500 1464 538 nostra
1492 497 1633 549 lingua
1661 497 1813 540 Rohais
1842 498 1998 548 dicitur,

468 569 570 610 quae
609 557 747 604 etiam,
787 558 834 596 ut
863 552 1011 604 fertur,
1049 568 1142 596 curn
1181 554 1383 607 quondam
1421 553 1463 593 in
1500 552 1664 594 Oriente
1704 555 1792 594 tota
1830 557 1938 596 terra
1976 566 2000 595 a

468 613 635 666 paganis
680 612 946 660 detineretur,
984 612 1073 664 ipsa
1110 611 1196 651 sola
1233 610 1309 650 sub
1346 608 1660 650 christianorum
1687 612 1890 662 potestate
1918 610 2001 651 Do-

468 669 577 709 mino
614 668 832 716 serviebat,
873 667 922 707 ab
957 667 1129 707 inimicis
1167 665 1295 707 crucis
1334 664 1484 706 Christi
1522 668 1639 718 capta
1676 667 1754 715 est,
1793 668 1834 706 et
1869 666 2001 707 multa

470 724 783 765 christianorum
813 723 979 764 castella
1009 723 1058 763 ab
1086 722 1186 776 ipsis
1217 724 1421 775 occupata.
1478 720 1611 774 Ipsius
1641 733 1798 774 quoque
1827 721 2000 764 civitatis

470 780 791 833 archiepiscopus
831 791 924 819 cum
960 778 1112 820 clericis
1151 778 1234 819 suis
1272 779 1313 818 et
1350 777 1471 818 multi
1509 776 1576 817 alii
1614 776 1820 818 christiani
1854 777 2001 818 ibidem

471 836 670 876 interfecti
715 839 832 885 sunt,
877 838 917 875 et
960 838 1194 875 sanctorum
1231 833 1422 886 reliquiae
1457 833 1499 873 in
1535 832 1758 873 infidelium
1795 833 2002 875 conculca-

470 893 623 932 tionem
654 891 771 932 datae
802 894 898 931 sunt
927 893 968 930 et
997 890 1210 943 dispersae.
1267 889 1316 930 In
1345 901 1423 942 quo
1454 891 1652 941 quantum
1682 888 1896 931 aecclesiae
1924 889 2000 930 Dei

470 950 511 989 et
539 948 615 988 toti
646 947 931 988 christianitati
961 947 1185 999 periculum
1215 945 1445 993 immineat,
1481 947 1522 984 et
1549 956 1623 985 nos
1653 944 1932 997 cognoscimus
1962 948 2003 986 et

469 1004 727 1057 prudentiam
770 1006 946 1044 vestram
988 1003 1114 1043 latere
1156 1015 1238 1042 non
1282 1001 1494 1042 credimus.
1560 1001 1785 1041 Maximum
1827 1013 2001 1054 namque

475 1060 700 1100 nobilitatis
737 1068 777 1099 et
815 1058 1028 1112 probitatis
1068 1057 1262 1098 indicium
1302 1057 1386 1098 fore
1425 1056 1700 1108 cognoscitur,
1743 1056 1793 1097 si.
1817 1069 1865 1098 ea
1899 1069 2002 1110 quae

470 1119 631 1169 patrum
663 1115 911 1156 strennuitas
943 1114 1153 1166 acquisivit
1182 1126 1206 1154 a
1226 1114 1338 1155 vobis
1349 1115 1374 1146 ἢ)
1397 1113 1491 1153 filiis
1512 1114 1705 1153 strennue
1725 1111 2003 1153 defendantur.

470 1172 780 1220 Verumtamen,
811 1171 862 1220 si,
893 1170 999 1223 quod
1029 1170 1152 1219 absit,
1192 1182 1308 1224 secus
1339 1169 1575 1220 contigerit,
1617 1171 1780 1222 patrum
1808 1167 2003 1210 fortitudo

472 1228 513 1268 in
544 1228 637 1268 filiis
667 1227 882 1268 imminuta
910 1227 1114 1279 probatur.

585 1283 902 1325 Universitatem
958 1282 1094 1334 itaque
1152 1286 1328 1322 vestram
1376 1281 1417 1321 in
1466 1280 1640 1321 Domino
1689 1292 2004 1329 commonemus,

474 1352 666 1392 rogamus
703 1341 823 1391 atque
862 1338 1104 1391 precipimus
1140 1341 1181 1378 et
1208 1338 1250 1378 in
1278 1340 1536 1391 peccatorum
1565 1336 1844 1378 remissionem
1873 1336 2007 1377 iniun-

475 1396 620 1447 gimus,
650 1395 782 1447 utqui
804 1395 880 1435 Dei
902 1399 1007 1442 sunt,
1038 1395 1078 1434 et
1097 1395 1270 1434 maxime
1300 1393 1545 1446 potentiores
1577 1394 1616 1433 et
1644 1393 1810 1442 nobiles,
1838 1392 2006 1434 viriliter

473 1452 757 1503 accingantur,
789 1454 829 1491 et
858 1450 1082 1490 infidelium
1110 1449 1388 1498 multitudini,
1418 1461 1520 1501 quae
1551 1461 1593 1489 se
1623 1450 1785 1502 tempus
1807 1448 2005 1490 'victoriae

474 1520 594 1560 super
622 1519 696 1547 nos
728 1507 951 1560 adeptamb>
984 1506 1180 1554 laetatur,
1220 1506 1277 1546 sic
1307 1517 1513 1546 occurrere
1545 1507 1585 1545 et
1614 1504 1848 1546 aecclesiam
1877 1503 2007 1545 orien-

473 1564 608 1613 talem,
637 1566 752 1603 tanta
771 1564 933 1616 patrum
953 1570 1191 1612 vestrorum,
1220 1563 1268 1602 ut
1286 1561 1544 1614 prediximus,
1575 1560 1784 1613 sanguinis
1813 1559 2006 1601 effusione

474 1620 523 1660 ab
544 1632 684 1660 eorum
706 1618 919 1671 tyrannide
948 1618 1171 1667 liberatam,
1200 1618 1259 1658 ita
1287 1617 1500 1658 defendere
1530 1618 1570 1658 et
1598 1617 1730 1658 multa
1757 1616 2008 1670 captivorum

473 1676 586 1716 milia
624 1674 874 1716 confratrum
911 1677 1140 1716 vestrorum
1149 1676 1175 1707 ει)
1212 1673 1261 1715 de
1298 1674 1478 1727 ipsorum
1515 1673 1703 1714 manibus
1742 1672 1893 1726 eripere
1923 1674 2008 1713 stu-

475 1731 616 1780 deatis,
645 1733 692 1771 ut
721 1730 930 1771 christiani
959 1730 1134 1771 nominis
1164 1729 1339 1783 dignitas
1360 1732 1492 1770 vestro
1521 1730 1702 1782 tempore
1731 1731 1938 1781 augeatur,
1969 1730 2009 1769 et

476 1789 610 1829 vestra
638 1787 856 1835 fortitudo,
886 1799 990 1838 quae
1019 1799 1091 1839 per
1120 1785 1355 1827 universum
1384 1784 1584 1826 mundum
1612 1784 1821 1834 laudatur,
1850 1784 2010 1837 integra

475 1847 516 1883 et
560 1843 714 1883 illibata
757 1844 949 1883 servetur.
1008 1842 1072 1883 Sit
1113 1842 1225 1883 vobis
1265 1841 1388 1882 etiam
1428 1842 1469 1881 in
1511 1841 1740 1894 exemplum
1775 1841 1907 1881 bonus
1941 1840 2008 1880 ille

475 1899 712 1948 Mathatias,
752 1899 820 1951 qui
857 1911 929 1951 pro
966 1898 1145 1951 paternis
1182 1898 1339 1950 legibus
1369 1897 1651 1938 conservandis
1681 1909 1724 1937 se
1752 1897 1887 1950 ipsum
1916 1909 2010 1937 cum

475 1956 569 1996 filiis
609 1958 650 1995 et
685 1954 920 2008 parentibus
960 1954 1044 1995 suis
1080 1954 1203 1994 morti
1242 1966 1437 2006 exponere
1478 1954 1519 1994 et
1555 1952 1749 2006 quidquid
1786 1952 1828 1992 in
1857 1952 2009 1993 mundo

477 2011 708 2065 possidebat
737 2011 960 2063 relinquere
991 2010 1225 2051 nullatenus
1256 2009 1479 2057 dubitavit3
1512 2010 1632 2062 atque
1663 2008 1846 2062 tandem,
1875 2007 2009 2050 divino

477 2068 716 2121 cooperante
738 2066 895 2116 auxilie,
923 2079 995 2120 per
1014 2066 1165 2107 multos
1191 2067 1328 2106 tamen
1357 2066 1526 2115 labores,
1555 2067 1641 2106 tam
1670 2065 1755 2118 ipse
1784 2076 1907 2117 quam
1937 2076 2012 2105 sua

476 2123 687 2177 progenies
717 2122 766 2164 de
794 2122 967 2163 inimicis
996 2122 1166 2163 viriliter
1194 2121 1470 2174 triumphavit,

590 2179 675 2219 Nos
698 2182 836 2219 autem
854 2180 1082 2220 vestrorum
1102 2177 1227 2230 quieti
1248 2180 1288 2218 et
1314 2177 1495 2218 eiusdem
1516 2176 1730 2218 aecclesiae
1759 2175 2011 2217 destitutioni

477 2239 647 2289 paterna
676 2234 943 2275 sollicitudine
972 2233 1249 2288 providentes,
1286 2234 1385 2282 illis,
1420 2233 1487 2286 qui
1517 2236 1603 2273 tam
1632 2235 1819 2273 sanctum
1846 2234 2011 2285 tamque

477 2291 821 2345 pernecessarium
856 2303 956 2343 opus
995 2292 1035 2330 et
1070 2290 1250 2330 laborem
1289 2289 1512 2330 devotionis
1551 2288 1702 2329 intuitu
1739 2288 1941 2342 suscipere
1971 2289 2012 2328 et

478 2347 666 2402 perficere
705 2346 970 2395 decreverint,
1005 2346 1118 2386 illam
1155 2348 1412 2399 peccatorum
1441 2344 1738 2394 remissionem,
1773 2356 1896 2397 quam
1923 2356 2013 2398 pre-

479 2404 588 2444 fatus
619 2402 877 2456 predecessor
904 2404 1042 2442 noster
1070 2414 1176 2455 papa
1195 2402 1387 2443 Urbanus
1408 2401 1596 2450 instituit,
1627 2400 1867 2441 auctoritate
1896 2399 2012 2441 nobis

480 2472 504 2500 a
542 2460 628 2500 Deo
671 2471 860 2500 concessa
903 2457 1158 2499 concedimus
1196 2461 1236 2498 et
1279 2457 1586 2506 confirmamus,
1630 2459 1750 2509 atque
1789 2468 1933 2497 uxores
1973 2459 2014 2496 et

456 2516 582 2556 filios
613 2526 765 2564 eorum,
794 2515 900 2555 bona
928 2526 1085 2567 quoque
1115 2516 1156 2554 et
1184 2513 1460 2567 possessiones
1490 2513 1565 2554 sub
1595 2514 1757 2553 sanctae
1788 2511 2013 2561 aecclesiae,

479 2575 619 2613 nostra
648 2572 772 2612 etiam
803 2572 844 2611 et
873 2570 1275 2623 archiepiscoporum,
1305 2570 1585 2623 episcoporum
1615 2570 1655 2609 et
1684 2568 1856 2609 aliorum
1883 2568 2014 2622 prela-

482 2632 616 2668 torum
638 2627 852 2668 aecclesiae
872 2626 949 2667 Dei
977 2626 1226 2679 protectione
1255 2637 1418 2667 manere
1449 2624 1712 2666 decernimus.
1761 2623 2013 2666 Auctoritate

596 2769 630 2811 a)
655 2767 715 2801 Ich
747 2766 840 2800 ziehe
864 2766 911 2800 im
929 2764 1139 2809 Gegensatze
1164 2776 1204 2799 zu
1221 2764 1346 2806 Waitz,
1373 2764 1432 2798 der
1455 2764 1554 2798 nobis
1578 2775 1610 2798 u.
1636 2765 1828 2798 nostrorum
1852 2762 2014 2805 schreibt,

481 2814 535 2848 die
552 2814 733 2847 Lesearten
752 2812 847 2847 vobis
865 2823 896 2846 u.
915 2814 1103 2846 vestrorum
1120 2822 1188 2846 vor.
1213 2811 1250 2854 b)
1268 2822 1317 2845 nr.
1339 2813 1378 2844 2:
1411 2821 1476 2855 que
1501 2811 1568 2844 sere
1593 2821 1725 2855 semper
1748 2809 1892 2844 victoria
1915 2819 2016 2853 super

481 2871 542 2894 uos
567 2859 711 2904 adepta3
737 2869 774 2893 so
799 2858 862 2892 hat
885 2858 973 2892 wohl
999 2858 1086 2891 auch
1112 2858 1166 2891 die
1190 2856 1586 2900 Originalausfertigung
1610 2868 1640 2891 v.
1666 2867 1716 2891 nr.
1746 2858 1761 2890 1
1787 2855 1952 2900 gelantet.
