2098 3432
1658 273 1740 312 155

277 385 429 429 Gerhoh,
453 385 507 420 De
530 385 799 429 investigatione
816 385 1029 420 Antichristi
1054 385 1083 428 Ι,
1100 397 1130 420 c.
1146 388 1189 421 57
1216 386 1455 429 (geschrieben
1480 385 1652 420 zwischen
1679 385 1741 420 der

158 434 308 470 Paveser
323 432 460 477 Synode
484 431 557 467 und
581 432 660 467 dem
685 432 877 467 Eintreffen
903 433 965 467 der
988 432 1186 467 Nachricht
1210 443 1275 467 von
1301 432 1362 468 der
1386 432 1578 467 Toulouser
1602 432 1739 477 Synode

161 481 236 527 [um
260 479 316 515 die
340 479 446 514 Mitte
480 479 541 514 des
565 479 663 513 Marz
692 480 833 524 1161]):
883 479 975 522 Quia
999 479 1092 514 enim
1123 479 1160 514 in
1186 479 1366 514 electionis
1400 482 1437 514 et
1470 480 1741 514 consecrationis

161 527 295 564 ratione
311 537 394 572 pars
410 525 595 561 Octaviani
621 537 657 561 se
676 526 765 561 vidit
781 529 818 561 et
838 526 982 571 agnovit
997 526 1207 570 inferiorem,
1225 526 1436 572 quibusdam
1455 527 1742 562 adinventionum

160 574 330 611 cuniculis
355 575 491 620 partem
516 572 706 608 Alexandri
731 573 846 619 coepit
870 573 1057 617 infamare,
1085 585 1153 609 non
1179 576 1254 608 tam
1278 573 1439 608 electioni
1470 574 1545 609 eius
1571 574 1743 620 derogans

161 621 215 658 vel
226 620 521 656 consecrationem
534 620 733 666 profanans,
751 632 840 666 quae
854 621 927 655 suis
938 621 1135 656 rationibus
1148 621 1339 656 secundum
1357 632 1506 656 canones
1520 622 1742 665 constabant,

159 668 221 704 sed
245 679 410 714 personas
441 667 543 702 electi
577 669 614 702 et
638 667 844 712 eligentium
878 668 972 714 apud
1007 668 1194 712 augustale
1223 668 1408 713 imperium
1442 679 1518 703 reos
1544 668 1743 703 maiestatis

159 715 350 762 sugillans,
374 717 547 761 quatenus
573 716 609 750 et
634 715 702 749 sibi
735 715 872 760 imperii
905 715 1127 750 clementiam
1160 715 1363 750 conciliaret
1397 717 1433 750 et
1458 715 1624 750 adversae
1649 716 1743 761 parti

158 762 381 799 maiestatem
406 762 573 797 offensam
597 762 770 798 redderet.
810 762 911 797 Unde
936 764 974 797 et
990 762 1103 808 primo
1128 762 1328 806 mussitare,
1355 762 1481 797 deinde
1506 774 1585 797 vero
1611 763 1743 808 apertis

159 809 301 846 vocibus
319 809 470 844 clamare
487 810 674 854 coeperunt
699 820 740 843 ac
757 809 882 852 dicere,
908 820 1091 844 numerum
1117 810 1160 845 de
1184 811 1285 856 parte
1303 809 1492 844 Alexandri
1510 809 1742 844 cardinalium

219 856 392 892 ruendum
427 867 503 891 esse
540 858 682 902 propter
706 856 974 902 conspirationis
999 858 1131 900 notam,
1170 868 1240 902 qua
1264 868 1301 891 se
1326 856 1499 891 notabiles
1536 857 1605 902 ipsi
1629 857 1744 891 reddi-

159 867 286 940 s‹ild-iim.
335 903 575 949 Duplicem
608 905 725 938 autem
763 903 813 938 eis
850 903 1242 949 conspirationem
1280 904 1332 938 vel
1369 903 1643 938 coniurationem
1684 905 1743 938 ob-

159 950 308 987 iiciunt:
335 961 453 994 unam,
479 961 549 996 qua
572 953 695 985 contra
720 950 906 994 augustale
930 950 1114 996 imperium
1130 950 1299 985 Friderici
1324 950 1546 996 imperatoris
1571 953 1608 985 et
1622 953 1743 986 centra

160 997 425 1034 laudamentum
458 997 496 1032 in
533 998 636 1032 verbo
676 997 817 1032 Domini
841 997 986 1041 factum,
1022 997 1139 1032 adhuc
1175 998 1312 1032 vivente
1338 1009 1430 1043 papa
1453 997 1629 1041 Adriano,
1665 1010 1744 1033 cum

161 1045 278 1082 Siculo
302 1044 524 1080 Willehelmo
550 1046 587 1080 et
602 1044 925 1080 Mediolanensibus
951 1044 1100 1090 aliisque
1125 1045 1278 1080 inimicis
1302 1045 1439 1090 imperii
1464 1045 1634 1080 foederati
1652 1045 1745 1088 sint;

161 1091 361 1136 secundam,
394 1103 475 1138 qua,
513 1093 555 1127 ut
578 1092 719 1127 easdem
744 1094 868 1127 contra
892 1092 1079 1137 imperium
1105 1094 1291 1138 conceptas
1325 1091 1531 1126 inimicitias
1570 1092 1615 1126 ad
1640 1093 1744 1127 finem

159 1150 270 1186 usque
295 1139 512 1174 destinatum
554 1139 795 1185 perducerent,
836 1139 930 1174 inter
955 1150 992 1173 se
1017 1139 1228 1174 sacramenti
1252 1138 1470 1174 firmitudine
1507 1139 1745 1183 convenerint,

160 1186 348 1223 decedente
371 1197 464 1232 papa
487 1186 644 1221 Adriano
673 1197 742 1221 non
767 1186 876 1220 alium
903 1197 939 1220 se
971 1186 1008 1221 in
1032 1197 1160 1232 papam
1185 1186 1366 1229 electuros,
1405 1186 1473 1220 nisi
1499 1186 1560 1232 qui
1587 1187 1742 1221 eiusdem

159 1233 410 1270 coniurationis
437 1244 578 1268 consors
602 1233 790 1269 extitisset.
839 1233 993 1268 Verbum
1020 1235 1139 1268 autem
1163 1233 1433 1278 conspirationis
1462 1234 1610 1279 pecunia
1635 1234 1744 1268 Siculi

160 1283 198 1318 et
241 1280 556 1316 Mediolanensium
604 1282 801 1326 coemptum
849 1280 915 1315 hoc
961 1291 1036 1315 esse
1084 1280 1232 1316 dicunt:
1279 1282 1454 1326 quatenus
1499 1280 1743 1326 imperatorem

160 1327 375 1365 Fridericum
400 1328 740 1363 excommtmicarent
772 1329 809 1362 et
834 1328 966 1374 absque
990 1328 1134 1363 consilio
1159 1327 1374 1362 Willehelmi
1411 1326 1521 1362 Siculi
1553 1330 1590 1362 et
1614 1328 1745 1363 Medio-

162 1376 356 1412 lanensium
392 1386 572 1421 nunquam
609 1375 839 1411 absolverent.
887 1375 939 1410 At
975 1386 1054 1410 cum
1091 1375 1215 1410 dicunt
1252 1374 1302 1410 eis
1334 1375 1383 1418 hi,
1422 1375 1483 1420 qui
1518 1375 1672 1410 nondum
1707 1375 1744 1410 in

161 1423 252 1459 hanc
285 1423 338 1458 vel
372 1422 472 1457 illam
504 1424 640 1468 partem
667 1424 899 1466 accesserunt,
934 1424 1108 1468 quatenus
1132 1423 1291 1468 probent,
1330 1433 1419 1468 quae
1445 1421 1580 1463 dicunt,
1606 1434 1746 1468 respon—

161 1470 303 1506 dentes:
342 1469 543 1514 ,Quomodo,
569 1469 751 1515 inquiunt,
777 1471 901 1504 contra
925 1481 982 1504 eos
1006 1470 1154 1516 probare
1179 1469 1265 1515 quid
1291 1480 1494 1515 possumus,
1523 1469 1582 1515 qui
1609 1481 1742 1504 omnem

159 1517 324 1554 ecclesiae
349 1517 565 1552 audientiam
599 1516 864 1561 subterfugiunt
900 1516 955 1551 vel
979 1517 1151 1561 exagitati
1176 1517 1290 1552 malae
1327 1516 1470 1551 stimulo
1511 1517 1744 1552 conscientiae

161 1565 215 1601 vel
238 1565 335 1600 fastu
360 1564 496 1610 decepti
522 1563 733 1610 superbiae?
752 1591 760 1599 .
780 1590 789 1599 .
809 1591 816 1600 .
853 1563 966 1599 Simul
990 1566 1028 1599 et
1051 1564 1191 1599 litteras
1217 1564 1388 1610 quasdam
1423 1563 1559 1609 pridem
1585 1575 1607 1598 a
1630 1576 1745 1610 papa

159 1611 364 1648 Adriano
397 1611 495 1656 (Vgl.
517 1611 574 1646 die
590 1613 699 1646 unten
724 1611 862 1646 citierte
879 1611 988 1646 Stelle
1012 1611 1069 1646 bei
1081 1611 1252 1656 Ragewin
1270 1611 1332 1655 IV,
1358 1622 1387 1647 c.
1403 1613 1445 1647 21
1459 1610 1495 1656 !)‚
1522 1611 1611 1646 alias
1635 1612 1743 1646 etiam

223 1659 382 1695 tmodum
407 1659 451 1694 ab
475 1658 675 1693 Alexandro
703 1658 749 1693 ad
772 1658 932 1693 inimicos
957 1658 1095 1705 imperii
1129 1658 1230 1705 quasi
1257 1658 1409 1693 directas
1440 1658 1478 1693 in
1504 1658 1743 1694 testimonium

175 1708 274 1743 actae
321 1707 444 1742 contra
490 1705 676 1751 imperium
725 1706 994 1752 conspirationis
1042 1706 1233 1752 proferunt.
1307 1705 1437 1740 Factae
1488 1707 1606 1740 autem
1655 1706 1744 1741 eius-

161 1753 255 1789 modi
279 1753 547 1800 conspirationis
572 1753 679 1788 etiam
717 1764 754 1788 se
778 1753 873 1799 ipsos
898 1755 1008 1788 testes
1038 1753 1220 1799 proferunt
1242 1753 1314 1795 ‚duo
1355 1753 1409 1788 illi
1435 1752 1644 1797 cardinales,
1683 1754 1746 1799 qui

161 1800 374 1837 octavianae
407 1800 520 1848 partis
557 1802 651 1844 sunt,
685 1802 808 1846 utpote
844 1801 924 1846 qui,
961 1801 1054 1836 sicut
1086 1800 1155 1847 ipsi
1188 1801 1366 1844 fatentur,
1404 1799 1613 1836 eiusdem
1650 1812 1747 1835 con-

161 1848 442 1893 spirationis
478 1847 594 1883 socii
630 1847 814 1883 extiterint
847 1850 884 1883 et
908 1848 1097 1894 participes
1122 1847 1219 1883 illius
1243 1847 1335 1883 male
1361 1847 1468 1882 datae
1505 1849 1542 1882 et
1579 1850 1743 1894 acceptae

162 1896 346 1942 pecuniae3
394 1896 642 1942 impunitatem
680 1895 748 1930 sibi
787 1906 890 1942 super
918 1896 983 1930 hoc
1019 1895 1095 1942 ipso
1133 1895 1227 1941 apud
1263 1895 1447 1941 imperium
1485 1895 1746 1940 promittentes,

161 1954 202 1979 eo
226 1943 319 1997 quod
342 1943 480 1988 legibus
504 1943 755 1989 imperatorum
781 1942 817 1977 in
845 1943 989 1978 crimine
1007 1943 1123 1978 laesae
1147 1942 1346 1978 maiestatis
1371 1942 1611 1988 proditoribus
1636 1942 1744 1978 etiam

161 1990 264 2026 sociis
289 1990 472 2026 criminum
498 2002 566 2026 non
579 1989 693 2024 solum
717 1990 911 2036 impunitas
935 1990 1167 2036 promittitur,
1193 1990 1256 2025 sed
1280 1990 1389 2025 etiam
1415 1989 1461 2024 ad
1480 1989 1745 2025 testificandum

161 2038 284 2073 contra
298 2037 408 2073 socios
433 2038 618 2073 criminum
643 2037 893 2073 admittuntur.
930 2037 998 2072 Sed
1023 2049 1091 2072 non
1109 2037 1160 2072 sic
1185 2037 1443 2072 ecclesiasticae
1469 2037 1566 2082 leges
1591 2039 1746 2081 censent,

163 2095 251 2131 quae
277 2085 371 2132 apud
394 2085 525 2120 clerum
548 2084 719 2131 potiorem
743 2085 857 2120 locum
889 2085 1060 2127 obtinent,
1098 2086 1221 2131 utpote
1255 2095 1345 2130 quae
1371 2084 1501 2119 nemini
1539 2084 1582 2119 de
1607 2096 1644 2119 se
1669 2096 1747 2120 con-

161 2132 252 2168 fesso
276 2143 380 2178 super
404 2132 518 2168 alieno
543 2132 687 2168 crimine
711 2132 922 2167 credendum
947 2143 1022 2167 esse
1047 2132 1217 2167 iudicant.
1268 2131 1319 2167 At
1350 2131 1404 2166 illi
1440 2132 1683 2167 contenebrati
1710 2134 1747 2167 et

161 2179 256 2234 leges
282 2179 538 2215 ecclesiasticas
561 2179 707 2215 minoris
738 2179 920 2223 habentes,
947 2180 984 2215 in
1009 2191 1072 2215 suo
1098 2179 1276 2214 destinato
1300 2181 1508 2225 permanent
1547 2190 1588 2214 ac
1613 2179 1747 2222 dicunt,

162 2228 270 2262 etiam
294 2238 363 2262 non
388 2227 496 2262 fuisse
519 2227 667 2262 liberam
691 2238 755 2262 nec
779 2238 903 2272 puram
928 2227 964 2262 in
990 2227 1228 2262 Alexandrum
1253 2226 1383 2261 factam
1409 2226 1623 2270 electionem,
1658 2238 1747 2272 quae

162 2273 255 2309 inter
277 2274 369 2310 solos
406 2274 641 2310 duodecim
676 2274 966 2318 cardinales,
1005 2274 1340 2309 coniurationis
1378 2273 1540 2317 socios,
1578 2285 1647 2308 non
1672 2274 1748 2308 sine

163 2321 267 2404 prgtiii
275 2321 506 2404 bigiterveqltud
515 2323 696 2404 coafctqta
721 2321 1064 2408 Sit'sefiaffSi-prAior
1087 2321 1274 2403 extigsset.
1303 2342 1345 2347 -
1372 2320 1518 2402 Ibiden:¹
1535 2332 1563 2356 c.
1590 2323 1635 2356 62
1675 2321 1746 2402 (gig-3-

162 2379 343 2461 ῗὲγῑιὲᾶθῃ
350 2380 434 2452 vldiic
453 2380 959 2462 Tofflroussoousggaeffigneem.
989 2371 1345 2462 detqggngpilqgtlssne]
1357 2396 1365 2404 ·
1385 2379 1493 2461 {plage
1510 2379 1696 2450 cellanctizgS?
1710 2380 1747 2450 ig

164 2461 400 2499 Alexandrum
433 2464 548 2499 factae
583 2464 626 2498 ab
653 2463 863 2498 adversariis
889 2463 1114 2510 appingitur,
1147 2463 1311 2499 canonice
1335 2462 1507 2497 succisam
1533 2462 1748 2504 audiremus,

164 2511 202 2546 et
225 2509 276 2546 sic
299 2512 393 2546 esset
416 2511 533 2546 soluta
557 2511 670 2546 omnis
696 2511 873 2546 dubitatio
898 2511 992 2546 inter
1017 2511 1104 2546 duos
1129 2511 1232 2546 illos!
1253 2538 1260 2546 .
1281 2538 1288 2546 .
1309 2539 1316 2546 .
1343 2509 1560 2556 Oportuerat
1583 2521 1745 2555 namque,

163 2558 207 2592 ut
228 2557 498 2604 conspirationis
532 2558 629 2593 illius
663 2560 787 2593 contra
810 2558 1014 2604 imperium,
1041 2560 1082 2594 ut
1107 2558 1257 2600 dicitur,
1283 2568 1345 2603 per
1369 2556 1554 2603 pecuniam
1578 2556 1687 2591 Siculi
1712 2559 1748 2591 et

164 2603 477 2640 Mediolanensium
501 2605 616 2640 factae
641 2607 726 2640 nota
750 2605 1025 2649 immanissima,
1052 2606 1145 2640 sicut
1168 2605 1204 2640 in
1231 2605 1300 2640 alio
1325 2604 1470 2639 concilio
1506 2603 1658 2648 (Synode
1684 2615 1747 2638 von

164 2651 308 2696 PaviaD
345 2652 499 2688 clamata
524 2664 566 2688 ac
591 2653 776 2688 diffamata
800 2652 926 2696 fuerat,
951 2653 1005 2687 ita
1029 2653 1066 2688 in
1090 2653 1160 2688 isto
1185 2652 1419 2698 subsequente
1444 2651 1572 2686 suisset
1595 2651 1747 2697 expiata,

165 2709 221 2743 ne,
245 2709 324 2734 cum
345 2701 462 2735 cetera
487 2700 586 2735 salva
609 2700 806 2743 videantur,
831 2699 899 2735 hoc
923 2700 1036 2735 solum
1060 2700 1223 2735 relictum
1248 2701 1341 2734 esset
1358 2698 1575 2742 scandalum,
1600 2709 1663 2744 pro
1680 2710 1748 2744 quo

165 2756 234 2782 non
258 2746 371 2782 solum
396 2747 515 2793 pusilli
547 2747 600 2782 vel
623 2747 743 2793 pauci,
770 2747 831 2782 sed
856 2749 892 2782 et
916 2747 1036 2792 magni
1070 2759 1112 2782 ac
1135 2757 1342 2792 magnorum
1376 2748 1413 2780 et
1436 2745 1643 2791 pusillorum
1677 2756 1747 2780 non

165 2794 418 2829 contemnenda
449 2794 642 2830 multitudo
676 2795 720 2829 ab
746 2794 927 2829 electionis
961 2795 998 2829 in
1022 2794 1262 2830 Alexandrum
1296 2794 1411 2828 factae
1442 2794 1548 2838 atque
1574 2793 1617 2827 ab
1643 2792 1748 2827 hujus

165 2840 302 2876 concilii
325 2841 586 2877 confirmatione
610 2841 837 2877 resiliendum
861 2842 915 2876 vel
936 2839 1167 2877 differendum
1192 2841 1408 2884 existimant,
1434 2841 1681 2885 exspectantes
1708 2850 1749 2873 ac

167 2886 405 2924 desiderantes
429 2889 545 2924 adhuc
567 2889 766 2934 generalius
790 2889 974 2924 concilium
1000 2900 1040 2924 ex
1065 2888 1223 2924 unanimi
1248 2898 1417 2923 consensu
1443 2888 1480 2922 et
1501 2886 1748 2921 convocatione
