2098 3432
388 369 454 425 ΙΙΙ.
490 369 574 425 Zur
607 369 923 440 zwiospaltigon
961 369 1199 439 Papstwahl
1234 369 1397 431 1130.*)

109 468 156 518 a)
182 467 352 513 florient
372 467 447 512 der
460 466 624 511 walnen·
647 467 859 512 innocenz'
879 467 918 511 ΙΙ.
941 478 994 511 an
1012 466 1138 521 Κϋηὶῃ
1162 466 1327 520 Lothar,
1359 477 1396 512 c.
1418 464 1466 512 ll.
1485 466 1563 510 Mai
1581 464 1681 513 1130.

377 541 475 587 (Cod.
499 541 622 577 Udalr.
649 553 701 577 nr.
727 545 816 586 3523
841 541 943 585 Jaffess,
969 535 1189 576 Bibliotheca
1212 541 1254 584 V,
1282 543 1349 576 429
1375 542 1426 585 ff.)

226 628 456 683 L(othario)
478 627 616 670 divina
644 628 872 683 inspirante
903 627 1122 670 clementia
1142 628 1427 669 Romanorum
1456 627 1683 670 clarissimo

111 685 210 741 regi,
229 685 416 728 iusticiae
437 685 570 739 rigore
591 685 777 739 fulgenti,
800 685 980 740 episcopi
998 685 1050 726 N.
1068 686 1109 727 et
1130 685 1180 726 N.
1198 688 1239 726 et
1260 685 1487 727 cardinales
1507 685 1685 727 Romani

111 757 207 787 cum
222 742 367 786 ceteris
383 741 581 784 fratribus
599 743 778 784 salutem
795 746 836 784 et
845 745 1091 797 perpetuam
1101 744 1151 785 de
1162 742 1350 784 hostibus
1363 742 1448 784 suis
1458 743 1683 784 victoriam.

225 800 378 842 Nullus
426 799 745 842 christianorum
789 800 967 855 ignorat,
1013 800 1166 854 optime
1211 812 1300 850 rex,
1349 799 1459 853 quod
1496 800 1685 842 Romana

113 858 283 902 ecclesia
311 857 389 899 Dei
426 857 690 899 institucione
722 859 762 899 et
793 859 1031 899 sanctorm
1061 861 1229 912 patrum
1258 857 1489 899 imitatione
1521 861 1562 899 et
1591 857 1685 899 reli-

113 915 322 971 gIosorum
350 914 534 957 virorum
564 915 778 957 devotione
810 915 976 956 domina
1006 915 1060 956 sit
1090 929 1173 958 non
1204 915 1317 956 urbis
1349 914 1421 956 sed
1451 915 1570 956 orbis.
1630 915 1684 956 Et

113 986 162 1017 ea
181 972 442 1020 consistente,
464 974 614 1014 cuncta
634 985 827 1027 prospere
850 973 1105 1021 consistunt3
1138 985 1268 1025 eaque
1290 972 1514 1022 deficiente,
1536 975 1685 1014 cuncta

110 1030 378 1079 invalescunt.
427 1030 482 1071 Et
502 1030 609 1072 sicut
630 1029 754 1071 altius
777 1030 948 1080 excellit,
979 1030 1038 1071 sic
1058 1033 1277 1073 ventorum
1308 1042 1355 1071 ac
1384 1031 1684 1084 tempestatum
1714 1046 1717 1049 ·

112 1087 376 1144 tyrannidem
405 1087 566 1129 facilius
597 1099 621 1128 a
651 1100 694 1129 se
724 1087 906 1142 repellit,
949 1089 990 1128 et
1021 1090 1176 1141 quanto
1206 1100 1347 1129 rerum
1376 1087 1683 1130 mundanarum

110 1145 273 1189 turbine
304 1146 616 1198 conquassatur,
647 1146 762 1186 tanto
793 1144 974 1187 lucidius
1007 1145 1259 1199 purificatur.

225 1203 380 1245 Beatae
419 1202 547 1256 igitur
583 1203 805 1244 memoriae
846 1214 954 1257 papa
991 1202 1207 1257 H(onorio)
1247 1202 1452 1256 migrante
1493 1204 1534 1244 et
1573 1202 1684 1244 viam

113 1261 303 1303 universe
323 1261 457 1302 terrae
477 1259 745 1313 ingrediente,
775 1273 850 1302 nos
873 1260 1050 1315 episcopi
1080 1262 1121 1302 et
1151 1260 1379 1303 cardinales
1402 1260 1682 1314 G(regorium)

115 1317 366 1362 cardinalem
405 1317 623 1359 diaconum
661 1317 803 1359 Sancti
842 1317 1008 1371 Angeli‚
1048 1318 1184 1360 virum
1222 1318 1461 1368 honestum,
1500 1317 1683 1359 moribus

113 1375 406 1431 compositum,
435 1374 523 1416 Deo
552 1374 772 1428 Deumque
802 1375 1046 1417 timentibus
1077 1388 1238 1426 carum,
1268 1375 1311 1416 in
1342 1388 1554 1417 summum
1585 1389 1684 1430 pon-

113 1433 266 1476 tificem
296 1432 508 1486 elegimus,
538 1431 581 1473 in
612 1433 828 1474 ecclesiam
847 1433 1170 1477 Lateranensem
1200 1432 1479 1487 constipatum
1510 1433 1684 1475 catervis

112 1490 297 1534 fidelium
336 1489 582 1532 deduximus
613 1491 673 1540 et,
707 1489 750 1531 in
782 1490 877 1532 sede
910 1503 1076 1532 summa
1104 1491 1306 1546 positum,
1347 1503 1421 1532 nos
1453 1492 1495 1532 et
1523 1491 1684 1532 infinita

111 1547 398 1603 religiosorum
435 1548 558 1589 turba
595 1547 898 1590 honoravimus.
965 1548 1068 1590 Post
1106 1549 1184 1590 hoc
1220 1548 1263 1589 in
1302 1548 1515 1613 palatium
1544 1561 1684 1590 ascen-

116 1605 252 1648 dimus
274 1607 327 1656 et,
357 1618 437 1659 que
459 1618 508 1646 ex
527 1617 641 1647 more
663 1605 749 1659 geri
771 1606 914 1655 solent,
945 1606 1242 1660 complevimus
1275 1607 1316 1647 et
1337 1605 1476 1647 omnia
1504 1606 1682 1659 insignia

113 1663 364 1720 pontificalia
377 1662 583 1717 H(onorii)
603 1675 734 1717 papae
750 1663 899 1705 Calixti
919 1676 1050 1718 papae
1071 1663 1254 1706 Pascalis
1275 1676 1406 1718 papae
1428 1676 1681 1717 suorumque

111 1720 474 1778 praedecessorum
505 1719 541 1762 ei
570 1720 804 1763 tribuimus.

226 1777 303 1820 His
341 1790 436 1820 vero
473 1778 580 1820 circa
615 1779 763 1820 horam
800 1779 967 1820 tertiam
1006 1779 1083 1821 rite
1122 1778 1317 1833 peractis,
1357 1778 1507 1820 Petrus
1538 1778 1687 1820 Leonis

113 1836 215 1879 hora
262 1835 476 1890 sexta**)‚
524 1848 607 1889 qua
653 1835 790 1878 Judea
839 1836 1052 1879 Christum
1098 1836 1298 1879 crucifixit
1339 1837 1380 1878 et
1419 1837 1685 1878 tenebrarum

110 1893 240 1948 caligo
270 1893 476 1935 mundum
504 1893 695 1944 involvit,
732 1906 828 1936 cum
858 1893 944 1937 suis
976 1894 1324 1949 conspiratoribus
1357 1897 1481 1947 atque
1513 1907 1684 1936 consan-

111 1951 272 2006 guineis
294 1949 467 2005 aliisque
488 1950 708 1993 manifesto
739 1951 869 2006 pretio
901 1952 1114 1994 conductis
1145 1951 1360 1993 ecclesiam
1391 1951 1524 1993 sancti
1543 1951 1684 2001 Marci,

229 2062 267 2102 *)
289 2061 371 2107 Vgl.
398 2061 560 2096 hieriiber
578 2061 718 2107 Zopffel,
745 2061 801 2097 die
818 2062 1065 2108 Papstwahlen
1083 2062 1263 2107 (Beilage:
1289 2062 1355 2097 Die
1373 2062 1602 2108 Doppelwahl
1622 2063 1682 2098 des

109 2109 142 2145 J.
172 2112 279 2145 1130»
305 2108 339 2144 S.
365 2111 432 2144 267
460 2109 495 2144 ff.
545 2108 628 2154 („So
654 2109 717 2143 wie
745 2109 800 2144 die
825 2109 936 2144 Sache
960 2110 1066 2154 liegt,
1098 2113 1239 2145 miissen
1264 2111 1328 2145 wir
1351 2110 1572 2155 behwpten,
1602 2110 1684 2145 dass

110 2156 223 2192 weder
245 2155 399 2192 Anaklet
422 2156 512 2191 noch
536 2156 705 2191 Innocenz
730 2156 767 2191 in
793 2157 1023 2193 kanonischer
1046 2157 1163 2192 Weise
1187 2158 1342 2202 gewahlt
1366 2169 1457 2200 war,
1496 2158 1578 2192 dass
1604 2158 1681 2192 dem

109 2203 208 2240 einen
245 2203 321 2249 (.A)
358 2203 430 2238 hau
455 2203 629 2238 tsachlich
667 2203 723 2239 die
761 2215 803 2238 zu
836 2204 931 2239 einer
965 2205 1242 2250 reehtmassigen
1272 2205 1379 2239 Wahl
1414 2205 1682 2240 erforderlichen

109 2250 400 2297 Eigenschaften,
451 2262 506 2285 em
530 2250 720 2286 Wahlakte
747 2251 808 2286 des
834 2251 967 2287 andern
993 2253 1076 2287 aber
1102 2253 1158 2287 die
1184 2252 1294 2287 durch
1320 2252 1430 2295 Sitte,
1457 2251 1581 2287 Gesetz
1608 2253 1680 2287 und

108 2296 374 2353 Vereinbarung
407 2297 623 2343 geheiligten
645 2298 793 2333 Formen
827 2299 898 2334 fast
922 2299 1030 2344 vollig
1056 2300 1253 2344 abgingenf
1258 2302 1287 2339 ‘)
1336 2281 1589 2342 Muh'lbacher,
1626 2300 1682 2334 die

110 2345 269 2391 streitige
293 2345 496 2392 Papstwahl
528 2345 590 2380 des
619 2345 746 2381 Jahres
775 2349 885 2389 1130;
914 2346 1141 2383 Giesebrecht
1166 2347 1227 2391 IV,
1262 2347 1296 2382 S.
1326 2350 1416 2382 54-
1420 2349 1464 2382 60
1501 2358 1533 2382 u.
1561 2347 1680 2389 Anm.;

110 2392 304 2428 Bornhardi
330 2404 361 2428 a.
388 2404 419 2428 a.
446 2391 486 2428 Ο.
515 2395 652 2436 301-3,
678 2396 759 2435 316,
784 2396 849 2428 321
878 2375 902 2430 1.
954 2394 1161 2440 („Innocenz
1196 2395 1260 2429 wie
1285 2394 1439 2429 Anaklet
1465 2394 1544 2428 sind
1571 2394 1679 2428 durch

109 2439 278 2476 romische
303 2439 569 2475 Adelsfamilien
603 2441 731 2486 Papste
765 2441 959 2486 geworden.
1010 2441 1073 2476 Bei
1108 2442 1233 2476 beiden
1270 2441 1357 2476 wird
1393 2442 1466 2476 also
1503 2441 1590 2476 doch
1627 2442 1682 2476 dio

110 2486 214 2522 Form
247 2487 308 2522 der
332 2487 438 2522 Wahl
473 2488 704 2532 massgebend
739 2488 813 2523 sein
844 2492 996 2524 miissen.
1045 2489 1127 2523 Und
1153 2501 1219 2524 von
1249 2489 1376 2524 diesem
1405 2487 1683 2534 Gesichtspunkt

112 2545 175 2570 aus
199 2534 250 2570 ist
264 2534 419 2570 Anaklet
442 2534 502 2578 Π.,
526 2534 583 2570 bei
609 2534 731 2570 dessen
757 2535 947 2581 Erhebung
972 2536 1051 2571 kein
1077 2536 1240 2571 Verstoss
1265 2537 1449 2581 begangen
1473 2536 1601 2578 warde,
1630 2537 1682 2570 als

113 2581 235 2618 descen
258 2581 402 2617 Wahler
427 2581 502 2616 sich
526 2582 598 2617 vier
622 2582 803 2626 Bischofe,
839 2583 1010 2619 achtzelm
1034 2584 1222 2628 Presbyter
1247 2584 1318 2618 und
1343 2584 1460 2618 sieben
1485 2583 1676 2622 Diakonen,

113 2629 307 2674 abgesehen
322 2640 389 2664 von
413 2629 564 2665 anderen
579 2630 806 2674 Mitgliedem
833 2631 894 2666 des
919 2631 1113 2666 romischen
1131 2631 1268 2675 Klerus,
1296 2631 1579 2673 unteimzeichnen
1606 2634 1680 2665 ent-

111 2675 272 2712 schieden
295 2675 527 2722 rechtmassig
552 2677 726 2722 gewahltf
731 2679 759 2722 ‘J
810 2677 863 2724 **)
889 2678 992 2713 Falco
1019 2678 1283 2713 Benventanus:
1321 2679 1428 2722 „Post
1453 2690 1554 2723 quem
1579 2679 1681 2712 Inno-

111 2723 263 2759 centium
295 2723 352 2758 die
383 2723 459 2770 ipso
494 2724 540 2759 ad
574 2725 695 2759 horam
726 2725 914 2760 tertiam
945 2726 1070 2760 Petrus
1097 2726 1299 2760 Portuensis
1331 2726 1437 2771 episc:
1432 2736 1511 2770 pus
1537 2726 1578 2759 Ρ
1575 2728 1679 2759 trum

111 2769 223 2806 filium
246 2770 343 2806 Petri
367 2771 491 2806 Leonis
516 2772 623 2816 elegit
647 2783 708 2818 pro
734 2771 913 2808 Anacleto.
917 2775 936 2790 “
980 2773 1046 2807 Die
1071 2773 1157 2807 hora
1183 2773 1290 2807 tertia
1315 2773 1419 2807 endet
1446 2784 1503 2806 um
1532 2775 1572 2806 12
1591 2773 1678 2815 Uhr,

110 2815 166 2852 die
188 2817 275 2852 hora
299 2820 398 2853 sexta
420 2818 568 2863 beginnt
592 2830 652 2854 um
680 2821 721 2854 12
746 2819 833 2855 Uhr.
883 2820 955 2854 Der
979 2820 1150 2864 Wahltag
1176 2832 1247 2854 war
1274 2820 1334 2854 der
1362 2823 1414 2854 14.
1442 2819 1616 2858 Februar2
1644 2821 1680 2854 111

112 2863 173 2899 (161·
195 2864 311 2900 15Ὶί1116
344 2865 442 2900 starb
467 2865 643 2901 Honorius
667 2867 733 2910 Π.,
772 2878 827 2901 am
854 2867 971 2902 selben
997 2867 1157 2911 Morgen,
1193 2867 1281 2902 noch
1306 2868 1341 2901 in
1370 2867 1430 2902 der
1453 2866 1678 2910 Dunkelheit,

110 2911 227 2947 wurde
251 2912 420 2948 Innocenz
446 2912 492 2949 H.
519 2913 683 2958 gewahlt‚
709 2925 860 2959 gegeni
846 2914 979 2959 Mittag
1005 2896 1159 2949 Anaklet’
1183 2914 1231 2950 II.
